3120 5124
145 411 248 488 sev,
273 412 332 483 ss]
759 414 824 474 245

145 598 270 675 κράτος,
305 599 414 677 κῦδος,
448 608 550 678 μῆκος,
583 600 686 680 τάχος,
716 600 812 680 τάχος,
845 603 924 662 item
959 601 1067 680 βάθος,
1098 618 1154 677 pro
1190 617 1252 675 quo
1275 601 1436 662 Homerus

146 700 250 760 habet
281 701 428 762 formam
459 703 634 778 pleniorem
665 701 776 783 βένθος
800 709 831 774 ¹).
859 704 939 765 (ium
963 705 1161 781 superlativo
1185 702 1327 775 οἴκτιστος
1351 717 1433 763 com·

145 802 343 877 ponendum
369 806 422 864 est
445 804 688 866 substantivum
711 801 726 864 ὁ
750 798 855 877 οἶκτος.

190 960 216 1043 ἦ
240 963 300 1029 81.
338 966 509 1027 Adieoiiva
538 963 664 1046 ἀγαθός,
687 964 744 1046 ἠύς
770 970 797 1040 (5
825 971 887 1043 75),
911 965 1017 1039 inuiis
1045 967 1295 1044 comparationis
1316 966 1435 1040 gradus

144 1082 212 1127 non
237 1081 261 1127 a
286 1081 352 1127 sua
376 1067 476 1142 stirpe
498 1067 620 1130 ducunt
643 1070 700 1131 sed
723 1070 851 1131 aliunde
876 1070 937 1130 sibi
961 1072 1092 1144 petunt:

339 1165 449 1245 ἀρείων
871 1167 998 1249 ἄριστος.

337 1267 480 1346 κρείσσων
871 1272 1023 1351 κάρτιστος
1048 1274 1077 1344 (5
1102 1273 1156 1342 39)
1179 1275 1212 1342 ²).

336 1366 477 1449 φέρτερος
499 1373 533 1432 et
551 1369 780 1451 προφερέστερος
871 1370 1008 1451 φέριστος
1032 1375 1066 1434 et
1089 1369 1238 1452 φέρτατος.

337 1466 470 1547 ἀμείνων

337 1568 471 1651 βέλτερος

336 1672 473 1754 λωίτερος
497 1677 531 1736 et
553 1673 650 1735 λωίων

189 1775 368 1837 Adiectivi
391 1775 480 1849 κᾶκός
503 1777 701 1852 comparatio
723 1778 803 1839 haec
826 1781 893 1839 est:

336 1874 449 1937 κακίων
472 1879 505 1938 et
528 1876 694 1957 κακώτερος
871 1878 1015 1951 κάκιστος.

336 1978 455 2058 χερείων
474 1982 508 2040 et
530 1979 706 2059 χερειότερος

336 2080 441 2157 χείρων
475 2084 508 2143 et
531 2080 690 2162 χειρότερος

190 2186 396 2247 Posterioris
417 2189 527 2264 stirpis
549 2190 718 2266 positivus,
742 2192 795 2264 qui
820 2191 924 2250 A400
938 2198 951 2261 ξ
967 2191 1028 2250 176
1048 2190 1229 2262 genitivum
1249 2188 1309 2247 sibi
1331 2185 1429 2245 habet

144 2288 347 2347 adiunctum
372 2291 405 2348 et
434 2292 645 2365 comparativi
675 2292 773 2365 igitur
804 2292 873 2351 vice
903 2292 947 2350 ibi
978 2291 1131 2365 iungitur,
1159 2288 1315 2363 reperitur
1339 2287 1427 2346 hisce

143 2387 248 2450 locis:
288 2404 358 2450 acc.
388 2386 477 2467 χέρηα
515 2394 543 2450 Δ
573 2393 637 2451 400
668 2392 683 2464 ξ
717 2394 847 2467 17611),
879 2393 943 2453 dat.
975 2388 1056 2469 χέρηι
1087 2394 1116 2449 Α
1139 2392 1191 2467 80,
1223 2391 1304 2463 plur.
1329 2385 1429 2465 χέρηες

142 2491 270 2565 0324,
295 2485 388 2567 χέρηα
410 2488 519 2557 sesa
543 2508 561 2551 σ
584 2495 647 2553 229
672 2516 689 2553 ο
714 2497 778 2554 310
802 2488 834 2564 ο.

120 2600 131 2619 ·
188 2592 309 2651 Etiam
341 2595 581 2667 comparativus
610 2592 709 2671 ἥσσων
742 2597 776 2653 Π
799 2596 860 2655 722
889 2596 923 2652 Ψ
944 2595 1019 2669 322,
1044 2594 1107 2653 858
1134 2615 1150 2653 ο
1175 2595 1238 2653 365
1262 2593 1295 2651 et
1319 2605 1426 2664 super·

140 2692 277 2752 lativus
308 2689 428 2770 ἤκιστος
457 2695 515 2764 (sic
545 2695 655 2765 Arist.)
687 2696 739 2757 vel
769 2694 886 2773 ἤκιστος
922 2698 957 2754 Ψ
978 2697 1039 2755 531
1066 2696 1127 2755 huc
1149 2694 1320 2769 pertinent,
1353 2706 1428 2752 curn

139 2795 307 2855 adverbio
332 2784 393 2871 ἧκα
416 2796 445 2866 (5
468 2792 547 2866 41³⁸)
571 2797 789 2858 cohaerentes.

189 2895 364 2956 Adiectivi
385 2897 478 2969 κολύς
501 2898 741 2973 comparativus
764 2902 798 2959 et
823 2898 1042 2973 superlativus
1065 2898 1143 2957 sunt

337 2997 447 3058 πλείων
490 3002 592 3058 πλεῖον

337 3095 434 3159 πλέον
490 3096 581 3160 πλέον
866 3047 1006 3113 mm&

191 3207 373 3268 Breviores
403 3210 613 3284 comparativi
645 3210 768 3270 formae
799 3211 1000 3284 reperiuntur
1037 3212 1066 3265 A
1098 3209 1162 3268 395
1194 3204 1286 3282 πλέες,
1317 3207 1341 3262 Β
1367 3208 1427 3267 129

139 3305 244 3379 πλέας
259 3307 292 3377 ⁵).
320 3307 512 3384 corruptum
542 3312 593 3370 est
621 3307 742 3380 πλέονες
775 3326 792 3368 c
825 3312 887 3370 247
921 3310 971 3379 (ci.
995 3312 1013 3377 1
1037 3309 1078 3383 8),
1104 3310 1157 3368 ubi
1183 3308 1294 3369 Nauck
1318 3310 1430 3380 poetae

139 3430 294 3476 manum
319 3417 503 3479 restituisse
525 3419 651 3480 videtur
661 3392 769 3479 aliter
793 3419 891 3477 verba
914 3417 1097 3477 ordinando.

192 3576 219 3659 ᾖ
246 3576 305 3642 88.
341 3580 512 3642 Praeterea
536 3584 710 3655 sequentes
734 3582 947 3656 comparativi
970 3581 1003 3640 et
1022 3581 1210 3654 superlativi
1238 3594 1429 3639 commemo·

141 3680 251 3743 randi
274 3682 371 3742 sunt:

182 3839 204 3905 ¹)
225 3842 296 3888 Cum
314 3840 412 3900 duplici
434 3842 510 3889 huius
533 3842 621 3902 stirpis
644 3841 726 3888 forms
748 3847 809 3904 slavi
835 3843 861 3888 et
883 3848 936 3927 βρθ
960 3836 1036 3903 (pun)
1059 3841 1229 3900 comparanda
1256 3844 1316 3886 sunt
1344 3842 1431 3889 πένθος

141 3938 244 3985 πάθος.
274 3932 388 3978 aduersa
411 3933 509 3986 iunior,
534 3947 600 3992 quse
626 3948 640 3979 s
665 3933 762 3994 duplici
786 3934 867 3994 stirpe
893 3938 955 3979 τιτιθ
981 3935 1007 3977 et
1023 3938 1077 3977 nn&
1095 3928 1172 3993 (ποθ)
1190 3933 1315 3978 consimili
1334 3933 1429 3978 ratione

141 4032 212 4075 sunt
232 4026 357 4079 formam
379 4025 543 4072 conferantur
561 4026 695 4086 praeterea
713 4029 859 4085 iun-llus,
876 4042 964 4083 μεν-μα
982 3996 1083 4086 (piperius
1099 4018 1215 4085 primitur)
1233 4027 1280 4068 etc.

178 4105 204 4165 ²)
225 4105 268 4152 Gi.
287 4104 445 4150 §discilium
461 4098 546 4166 spurii}
563 4099 735 4169 (ἂργτῖφόνσης)
755 4111 781 4151 ΙΙ
796 4107 841 4152 181
861 4103 1070 4166 παπ-κραταιός
1088 4103 1128 4148 vel
1149 4105 1265 4163 κρατερός.

181 4182 206 4248 ⁸)
226 4182 408 4231 'Proditionem
427 4183 449 4229 si
467 4184 608 4242 sequimur,
624 4185 704 4248 χέρεια
720 4185 786 4248 lippa
804 4185 884 4247 χίρηις
903 4182 1067 4229 scribendum
1086 4185 1133 4228 ost.
1152 4207 1180 4214 -
1201 4180 1280 4226 Veros
1299 4192 1427 4238 compars-

144 4269 221 4314 tivos
249 4263 328 4309 multi
352 4262 378 4307 in
400 4261 442 4308 his
465 4261 554 4309 formis
572 4267 721 4323 agnoscunt,
738 4263 788 4308 vid.
811 4264 920 4309 Mahlow
940 4263 965 4307 in
983 4262 1073 4307 Kuhns
1092 4261 1214 4307 zeitschr.
1235 4259 1314 4305 xxvi
1331 4273 1356 4317 p.
1375 4260 1430 4304 ssi.

146 4347 251 4395 collita
283 4343 312 4389 in
343 4341 419 4388 Besa.
448 4342 526 4389 Beitr.
553 4342 587 4388 IX
614 4356 639 4401 p.
664 4344 703 4401 66,
729 4337 828 4389 Monro²
854 4357 879 4402 p.
914 4343 968 4400 115,
996 4342 1040 4400 qui
1065 4341 1145 4404 χέρεια
1173 4354 1204 4386 ex
1230 4356 1359 4403 χιρι-ιισ-οι
1384 4352 1430 4397 per

145 4422 333 4486 nyphaeresln
353 4419 479 4480 prodiisse
498 4423 620 4468 statuunt.

182 4504 205 4559 ⁴)
227 4502 318 4549 Etiam
341 4501 368 4546 in
389 4499 554 4559 inscriptions
576 4494 1113 4559 Aeolica[Mitylenaeis]Collitz213⁹1¹⁰·¹¹
1134 4501 1176 4555 l:
1186 4498 1268 4545 Gener
1286 4496 1353 4545 Del.²
1372 4497 1430 4555 1271

152 4584 256 4645 legitur
273 4581 355 4635 πλέας,
372 4578 434 4626 item
455 4583 525 4641 nune,
540 4584 627 4635 σίίατς,
644 4585 700 4627 ullu
716 4581 743 4626 in
759 4579 817 4640 lego
835 4579 965 4637 Gortynis.
