3120 5124
123 414 141 482 ἓ
161 413 218 483 119]
692 413 755 473 299

120 599 245 673 audogia
265 601 458 662 suffixorum
482 607 558 661 -σθα
581 606 652 662 -σθε
674 607 779 672 -σθαις
802 603 842 664 ci.
867 603 902 663 G.
919 599 1037 677 hieyer²
1061 604 1079 671 5
1104 601 1168 662 468
1190 598 1222 670 ¹).
1247 599 1360 659 linem·

121 699 166 775 pia
189 703 258 760 eunt
290 698 439 779 ἐσόμεσθα
468 702 488 780 β
519 706 572 775 61,
606 701 821 780 καθεζώμεσθα
858 706 883 761 Y
907 706 968 764 136
982 725 1045 761 πα
1067 703 1142 777 372,
1167 699 1360 777 δεδμήμεσθα

123 800 225 877 dete,
245 798 458 880 ἐπισταίμεσθα
489 805 520 862 Ν
545 804 619 865 238.
643 805 681 864 In
706 803 876 865 Hesiodeis
900 806 981 866 duae
1004 803 1230 864 tantummodo
1252 800 1358 861 huius·

122 902 191 962 modi
217 903 339 966 formae
374 906 593 980 reperiuntur:
629 904 830 984 ἐκγενόμεσθα
861 906 980 980 Theog.
1013 906 1077 967 648
1102 908 1135 966 61
1158 902 1359 981 μαρνώμεσθα

123 1000 192 1063 Scit
213 1006 283 1065 110.

158 1104 186 1163 ln
217 1107 251 1164 Ψ
269 1107 334 1168 486
362 1107 493 1168 insolita
522 1108 628 1169 forma
657 1109 864 1187 περιδώμεθον
896 1111 1015 1170 tradita
1045 1113 1106 1184 est,
1134 1124 1232 1182 quam
1255 1108 1360 1168 dualis

123 1218 180 1266 ese
203 1209 357 1280 putabant
386 1211 601 1285 grammatici,
628 1245 667 1254 —
692 1212 731 1272 de
754 1212 879 1272 duobus
901 1212 988 1271 enim
1013 1212 1078 1271 illic
1102 1225 1209 1271 sermo
1233 1212 1293 1284 est,
1318 1242 1358 1252 —

123 1306 168 1367 eei
193 1308 265 1370 vitio
295 1310 405 1371 deberi
435 1310 487 1370 vel
518 1311 591 1371 iude
623 1316 755 1387 apparet
786 1314 869 1386 quod
893 1315 1058 1373 contracta
1081 1312 1207 1386 syllaba
1228 1334 1281 1370 -o-
1303 1326 1360 1385 pro

124 1428 178 1466 -εε
198 1424 215 1470 a
234 1411 373 1473 dictione
405 1413 495 1487 epica
518 1415 570 1473 est
592 1414 715 1488 aliena;
750 1415 812 1475 vid.
838 1416 856 1483 6
881 1415 954 1478 122.
981 1413 1060 1489 Quid
1085 1413 1203 1473 dixerit
1225 1413 1320 1486 poeta
1343 1426 1360 1471 6

124 1505 232 1572 lectione
254 1512 359 1573 altera
380 1511 571 1591 περιδώμεθα
594 1515 689 1575 facile
708 1515 863 1590 efficitur3
888 1515 1091 1577 scribendum
1112 1517 1163 1575 est
1186 1513 1274 1592 δεῦρο
1294 1520 1361 1589 νῦν,

124 1602 275 1687 ἣιμίποδος
304 1609 500 1691 περιδωόμεθ’
533 1610 567 1691 ἠὲ
596 1612 717 1693 λέβητος
740 1617 772 1686 ²).
805 1617 853 1676 Ex
883 1617 1014 1677 Aeolica
1037 1615 1263 1676 terminatione
1290 1617 1361 1672 θεν

124 1722 167 1781 pro
192 1717 255 1788 θα,
283 1730 381 1789 quam
413 1715 583 1789 aliquando
612 1717 761 1778 extitisse
786 1720 925 1778 testatur
949 1717 1137 1792 Apollonius
1160 1718 1198 1777 de
1222 1715 1360 1775 Adverb.

124 1816 228 1891 1604,
251 1816 327 1877 licet
349 1816 383 1876 in
404 1818 524 1877 nostris
547 1819 689 1878 fontibus
711 1834 871 1891 nusquam
903 1820 1089 1892 compareat
1111 1818 1185 1886 (vid.
1210 1818 1246 1877 R.
1271 1815 1360 1876 Meis·

123 1910 167 1991 leq
184 1914 266 1996 dial}
289 1934 319 1993 p.
344 1919 409 1993 45),
443 1921 630 1993 corruptum
660 1918 739 1979 illud
761 1924 836 1978 -θον
868 1920 1023 1994 prodiisse
1055 1921 1148 1979 acute
1179 1917 1363 1991 suspicatus

122 2016 162 2073 eet
179 2019 308 2080 dhrens.

152 2118 235 2193 Apud
257 2120 447 2195 Sophoclem
469 2121 516 2183 El.
537 2122 601 2182 960
625 2122 780 2181 traditum
808 2122 992 2196 accepimus
1014 2118 1091 2195 μόνα
1114 2118 1306 2196 λελείμμεθον
1330 2119 1363 2177 in

122 2208 172 2279 ille
199 2222 344 2298 trimetri,
381 2226 414 2283 ei
448 2223 581 2284 Philoct.
620 2224 704 2284 1079
739 2230 797 2282 νῦν
832 2219 886 2300 μὲν
917 2214 973 2283 οὖν
1005 2219 1190 2299 ὁρμώμεθον.
1224 2221 1311 2296 Quae
1334 2220 1362 2279 si

122 2319 228 2396 erepsit
258 2325 329 2399 ipse
363 2325 545 2403 Sophocles,
577 2326 650 2386 iude
682 2325 820 2385 efficitur
843 2342 918 2386 eum
942 2327 974 2385 in
999 2339 1057 2384 suo
1081 2323 1222 2383 Homero
1245 2322 1363 2393 legisse

122 2416 252 2486 'itiosum
286 2426 366 2487 illud
402 2425 619 2503 περιδώμεθον,
646 2429 680 2486 61
710 2427 750 2486 ad
781 2427 878 2486 huius
908 2426 996 2486 verbi
1019 2423 1202 2496 analogiam
1226 2421 1361 2481 finxisse

124 2532 204 2585 ovas
232 2527 456 2601 inauditaeque
478 2524 501 2596 ι1
532 2526 653 2588 formas
680 2527 784 2588 dualis
806 2528 840 2587 in
861 2532 971 2604 -μεθον
994 2526 1187 2586 desinentes.
1212 2523 1273 2584 Sed
1296 2522 1363 2582 veri

122 2624 205 2686 rubo
234 2628 372 2688 similior
403 2629 529 2689 videtur
559 2629 665 2702 opinio
694 2628 828 2689 Elmslei
850 2625 901 2701 (ad
927 2629 1088 2701 Aristoph.
1113 2627 1252 2686 Acharn.
1278 2625 1362 2699 733),

122 2724 163 2784 li
177 2728 359 2803 adstipulati
378 2732 455 2789 sunt
480 2730 591 2789 Nauck
612 2729 682 2790 liei.
701 2730 906 2789 erem-Rom.
927 2729 970 2789 IV
990 2745 1019 2803 p.
1034 2729 1129 2788 69-71
1148 2729 1181 2787 61
1193 2726 1258 2802 alii,
1270 2726 1364 2798 tragi-

122 2836 181 2887 lm
211 2830 378 2903 utrobique
409 2831 531 2890 dixisse
553 2834 656 2905 -μεθα,
686 2833 722 2890 ut
752 2830 825 2890 aliis
851 2830 930 2890 locis
954 2829 1077 2905 multiS,
1102 2829 1155 2902 qui
1179 2825 1364 2887 consimiles

122 2930 192 3004 lnt,
212 2945 285 2990 eum
309 2933 497 3004 ceterosque
521 2931 660 2993 Graecos
682 2933 804 2993 dixisse
827 2934 963 2992 constat.

155 3110 257 3193 ille.
291 3120 434 3181 Termini
465 3142 544 3178 -νεοο
575 3122 608 3181 61
638 3143 702 3180 -νιο
731 3137 886 3196 personae
911 3124 961 3181 3⁸⁰
984 3123 1110 3182 numeri
1135 3120 1267 3195 pluralis
1291 3133 1364 3178 cum

123 3214 312 3294 lbiungendi
344 3225 421 3282 eunt
451 3223 543 3297 stirpi
570 3237 651 3295 quae
674 3222 708 3281 in
731 3238 906 3282 consonam
931 3224 1059 3297 desinit,
1083 3224 1115 3282 iu
1140 3227 1219 3280 -ἅιαι
1244 3223 1277 3280 61
1299 3225 1365 3277 -ἅτο

123 3311 231 3396 beunt,
253 3324 527 3396 quemadmodum
550 3324 613 3384 fert
632 3323 754 3383 indoles
773 3323 902 3396 linguae
923 3324 1062 3384 Graecae
1075 3324 1203 3384 aliunde
1224 3321 1365 3394 cognita;

123 3418 218 3481 adem
243 3424 313 3497 lege
336 3426 439 3484 teneri
462 3425 638 3485 accusativi
665 3427 745 3498 sing.
770 3426 803 3484 et
825 3425 905 3499 plur.
931 3426 1218 3485 conformationem
1243 3424 1276 3482 in
1300 3421 1366 3481 vul·

123 3528 177 3578 ue
190 3526 294 3584 notum
316 3528 377 3585 est.
398 3526 520 3600 Lingua
541 3528 650 3585 autem
664 3526 836 3586 Homerica
850 3527 1006 3587 terminos
1025 3531 1106 3584 -ἅιοι
1126 3527 1159 3584 61
1181 3530 1246 3582 -ew
1267 3523 1365 3584 etiam

123 3629 148 3674 1
179 3626 307 3697 optativo
340 3629 373 3686 et
405 3629 478 3701 post
508 3627 620 3701 longas
645 3627 772 3687 vocales
798 3628 937 3702 adhibet,
962 3629 1050 3688 hisce
1074 3628 1172 3700 igitur
1197 3626 1366 3685 verborum

123 3726 220 3790 imnis
239 3728 340 3787 utitur
363 3724 402 3797 ’lt

124 3852 295 3874 ,κ-

158 3921 177 3987 ¹)
188 3931 332 3983 denuntiem
350 3936 497 3996 opinionem
514 3936 652 3984 defendere
670 3942 777 3984 conatus
794 3940 834 3984 aet
851 3936 954 3984 (turtius
971 3937 1082 3983 Verbum
1100 3934 1124 3983 1¹
1142 3950 1168 3996 p.
1186 3936 1217 3982 92
1235 3948 1291 3995 sqq.

158 4000 344 4066 immorentur
369 4029 436 4075 qnae
461 4015 493 4063 de
516 4028 587 4062 more
610 4017 723 4074 syllabas
746 4018 823 4064 elisae
847 4020 872 4063 ln
894 4021 994 4081 πλήρους
1010 4014 1187 4076 perscribendi
1204 4029 1263 4076 pag.
1282 4016 1313 4062 68
1331 4028 1370 4074 eq.

124 4077 303 4141 ebertranmo.
905 4144 909 4151 ,

161 4154 241 4223 ’1.1116
266 4176 334 4221 erate
356 4174 517 4234 Dnslpereon
541 4176 587 4221 aui
610 4181 696 4229 -μιθον
718 4176 763 4221 hat
785 4176 811 4220 in
834 4176 997 4221 verwandten
1015 4174 1145 4234 Sprachen
1163 4172 1284 4232 nirgends
1302 4173 1371 4220 ihres

132 4236 245 4297 -Gltichen
269 4252 322 4299 nnd
347 4254 382 4300 iet
406 4254 521 4301 offenbor
545 4255 610 4300 nach
633 4254 679 4300 der
703 4256 725 4299 2.
744 4255 767 4299 8.
784 4255 849 4300 Duul
876 4254 923 4299 arii
943 4260 1016 4299 -οθοι
1034 4266 1081 4298 aus
1099 4258 1173 4309 -μεθιι
1192 4252 1238 4298 dee
1254 4251 1371 4298 Plurales

138 4326 303 4387 descendere,
324 4332 352 4391 1⁸
378 4332 509 4379 vielleicht
534 4334 679 4393 iiberhsupt
702 4347 750 4378 nur
773 4345 822 4378 von
847 4332 1052 4379 Grammatikoru
1076 4332 1123 4377 des
1146 4333 1260 4390 Syetems
1283 4342 1371 4388 wegen

140 4397 271 4457 sitiendam
289 4411 319 4458 G.
337 4409 436 4469 Meyor³
453 4424 478 4470 p.
496 4412 552 4458 lae.

143 4468 300 4612 Fikpssmph
323 4491 420 4538 selecta
444 4491 568 4550 quaedem
592 4492 740 4545 afferemue3
765 4491 883 4537 exhausit
905 4491 970 4537 hano
988 4489 1121 4536 materiem
1141 4489 1243 4536 Curtius
1260 4488 1372 4535 Verbum

183 4591 187 4600 “
239 4583 294 4630 Β(1(1·
