3120 5124
147 405 161 474 5
177 405 215 474 41]
714 402 775 462 161

147 590 247 665 Operum
266 591 298 650 et
317 589 451 651 Dierum
470 590 525 663 qui
545 592 670 651 ceteros
689 590 797 651 aetate
817 590 959 663 superat,
978 588 1117 650 Mediceo
1131 589 1253 649 saeculi
1265 589 1312 650 XI
1327 591 1378 651 vel

145 693 196 769 llll,
210 691 302 752 multo
324 692 430 752 rarius
448 706 547 764 quarn
568 692 601 751 in
624 689 857 751 recentioribus
879 690 1071 764 apographis
1091 691 1207 751 vocula
1223 683 1243 749 α’
1257 693 1380 752 inserta

144 796 180 853 est
194 797 254 855 auto
276 792 434 853 vocabula
457 807 539 866 quae
563 793 596 852 iu
620 792 731 866 lingua
756 792 846 866 epica
870 806 889 851 a
914 792 1023 852 littera
1049 807 1111 851 vau
1135 793 1301 867 incipiunt.

173 940 246 1025 fill
274 942 448 1019 vocabula,
480 958 563 1016 quae
595 958 614 1004 a
647 943 890 1004 consonanter
922 943 955 1002 in
987 943 1096 1016 lingua
1119 943 1283 1003 homerica
1304 943 1378 1003 inci·

142 1047 214 1125 punt,
234 1049 313 1110 haec
336 1048 432 1107 sunt:

173 1148 346 1229 11δγνῡμε.
378 1147 523 1221 vestigia
555 1146 710 1219 digammi
743 1147 918 1220 supersunt
945 1145 978 1204 in
1011 1145 1108 1204 verbo
1136 1145 1280 1217 καυάξαις
1303 1145 1380 1206 Hes.

141 1248 205 1324 (iper.
231 1254 305 1327 666,
338 1250 402 1310 693
435 1247 485 1318 (cf.
510 1262 581 1322 pag.
609 1248 693 1322 153),
730 1248 763 1307 et
794 1247 827 1305 iu
851 1246 1006 1319 Hesycbii
1031 1246 1152 1318 glossis
1175 1246 1266 1326 βάγος
1290 1247 1383 1324 βᾶξον

139 1350 215 1427 peip
241 1357 272 1423 ¹).
309 1352 482 1411 Praeterea
515 1349 578 1410 buc
610 1349 751 1423 pertinet
787 1346 899 1407 Cretae
937 1347 1053 1407 civitas
1090 1345 1184 1419 Ράξας
1219 1348 1318 1423 Aroe,
1355 1348 1382 1406 si

139 1453 364 1515 reparantes
386 1452 449 1530 δᾶν
472 1451 637 1511 derivatur
660 1449 720 1510 hoc
745 1464 864 1509 nomen
889 1450 973 1523 apud
998 1449 1107 1523 Stepb.
1132 1450 1208 1523 Byz.
1233 1466 1259 1510 s.
1285 1466 1314 1509 v.

167 1555 195 1615 lu
213 1554 393 1616 Homericis
414 1552 544 1612 restitui
566 1552 673 1625 potest
692 1551 715 1608 δ
739 1551 890 1610 omnibus
912 1550 1002 1625 locis,
1026 1551 1088 1611 duo
1108 1552 1238 1610 tantum
1260 1552 1382 1620 (Ψ392

138 1656 351 1725 titillatam
374 1654 542 1727 requirunt
567 1652 798 1713 correctionem
823 1648 856 1720 ²).

168 1756 374 1833 compositum
397 1751 508 1834 δδανδς
531 1754 648 1828 legitur
670 1757 687 1812 1
713 1755 787 1813 575.

167 1858 222 1920 lox
244 1856 317 1936 ἀκτή
338 1857 420 1917 littae
443 1857 475 1916 in
499 1855 595 1915 Hom.
620 1854 786 1928 digamma
817 1855 1002 1914 nonhabet
1025 1855 1253 1932 praemissum,
1277 1871 1381 1928 neque

139 1957 209 2031 igitur
238 1960 278 2022 ab
313 1960 375 2020 hac
405 1959 505 2032 stirpe
537 1957 710 2031 repetenda
743 1957 869 2017 videtur
901 1957 957 2016 sed
989 1972 1064 2016 curn
1094 1957 1156 2016 adi.
1189 1954 1294 2035 δία-ρος
1320 1960 1381 2019 etc.

140 2061 337 2135 conponenda.

169 2162 262 2236 Neque
284 2160 492 2238 derisoriae
515 2163 557 2230 (Λ
580 2161 642 2220 631
668 2159 702 2217 Ν
725 2161 789 2218 322
818 2160 847 2216 Φ
871 2161 911 2220 ‘ic
936 2159 956 2236 β
981 2160 1045 2219 355
1065 2167 1078 2231 ξ
1099 2161 1175 2229 429)
1199 2176 1219 2220 a
1242 2177 1383 2223 consona

140 2260 274 2341 incipit,
306 2264 384 2324 licet
410 2263 470 2323 hoc
496 2264 583 2323 certe
607 2260 800 2321 vocabulum
825 2261 962 2321 libenter
985 2262 1025 2321 ad
1049 2257 1221 2338 froapomb'
1243 2264 1384 2324 radicem

142 2365 286 2427 rettuleris.

172 2515 195 2574 2.
214 2509 345 2594 {ficiaco
369 2539 388 2575 α
415 2517 488 2591 134,
513 2513 693 2592 referiendo
717 2517 745 2573 Κ
765 2516 818 2591 98,
844 2517 919 2591 312,
945 2517 1019 2591 399,
1044 2518 1106 2575 471
1132 2538 1153 2592 μ
1179 2517 1240 2576 281
1267 2516 1298 2576 11.
1324 2517 1383 2591 Ap.

144 2615 293 2687 160511
318 2619 403 2693 157),
428 2617 515 2678 codd.
541 2612 626 2694 δδηκ.
651 2617 703 2676 vel
726 2613 812 2693 διδηκ.

174 2748 206 2758 -
221 2718 313 2791 δάδας
338 2716 392 2790 (τὸ)
417 2723 448 2777 Λ
472 2719 524 2780 88.

173 2816 208 2879 lle
226 2822 329 2883 radice
353 2836 416 2881 non
440 2822 522 2882 satis
542 2823 686 2894 constat;
712 2835 886 2881 consonam
910 2821 1014 2894 poscit
1037 2836 1122 2880 unns
1146 2837 1260 2882 versus
1279 2845 1298 2880 α
1322 2824 1383 2883 134

145 2911 224 3004 triave
253 2919 400 2999 ἁδήσειεν,
424 2938 486 2996 quo
517 2925 629 2983 tamen
661 2923 730 2983 loco
763 2925 856 2983 extat
887 2922 981 2983 lectio
1014 2923 1117 2982 altera
1148 2921 1271 2984 δείπνου
1299 2926 1330 2995 (1.
1356 2940 1383 2985 e.

146 3013 247 3100 δεδαναί,
276 3024 315 3085 cf.
344 3024 361 3094 ἓ
387 3027 439 3094 59)
468 3021 623 3101 divinarem
648 3025 745 3085 ceteri
769 3025 913 3084 litteram
939 3024 962 3082 δ
985 3024 1173 3099 admittunt,
1197 3040 1260 3084 nou
1283 3026 1383 3098 requi-

147 3124 206 3198 rut,
230 3126 415 3187 adverbium
447 3128 557 3186 autem
590 3124 669 3202 ἅδην
700 3129 730 3195 (a
763 3128 790 3182 Ε
822 3127 896 3200 203,
929 3126 1005 3183 obl
1028 3127 1092 3185 315
1128 3129 1155 3183 Τ
1175 3128 1238 3185 423
1270 3128 1382 3196 ε290)

147 3227 225 3292 alitte
253 3242 326 3288 earn
353 3227 493 3302 respuit;
525 3230 693 3301 praeterea
724 3229 802 3286 sunt
825 3228 879 3299 qui
905 3241 1017 3287 vocem
1042 3225 1073 3284 αδ
1097 3217 1169 3303 ἦδος
1194 3229 1268 3297 (vid.
1294 3226 1328 3287 n⁰
1353 3230 1384 3296 3)

147 3318 190 3383 huc
210 3328 352 3390 referant.
386 3329 519 3389 collatis
549 3329 648 3402 igitur
676 3329 841 3388 vocabulis
871 3329 946 3388 eatis
978 3331 1068 3388 eatur
1098 3329 1194 3388 sotios
1223 3330 1282 3390 etc.
1317 3330 1385 3389 veri

147 3417 173 3479 fii
193 3427 286 3491 simile
316 3430 459 3491 radicem
483 3428 640 3490 Graecam
663 3445 727 3489 non
745 3429 807 3487 δαδ
832 3429 933 3489 fuisse
953 3430 1010 3490 sed
1034 3429 1248 3504 consertum
1273 3434 1384 3491 autem

148 3527 183 3584 bt
198 3543 260 3591 earn
281 3548 345 3593 non
369 3532 539 3593 cohaerere
562 3547 638 3592 cum
662 3532 761 3605 stirpe
790 3531 938 3603 sequenti
962 3530 1062 3605 (σδαδ,
1085 3533 1190 3592 suariis
1213 3535 1295 3602 etc).

177 3679 200 3739 3.
217 3673 354 3744 δανδδινα
385 3685 414 3755 (ἓ
438 3685 523 3753 221).
557 3682 721 3755 Digammi
752 3682 891 3755 vestigia
922 3684 1056 3741 servant
1082 3698 1175 3743 voces
1200 3678 1310 3740 edodov
1334 3681 1384 3751 (cf.

147 3785 301 3861 143154),
332 3782 429 3861 ἔεδνα,
471 3788 504 3845 et
534 3785 663 3857 glossae
700 3784 926 3857 Hesyclrianae
962 3782 1102 3860 βάδομαι,
1135 3783 1224 3860 βαδδ,
1259 3782 1387 3862 γάδεααν,

155 3914 342 3933 κ-

170 4000 184 4066 1)
197 4009 237 4057 Ubi
251 4014 276 4060 in
292 4013 406 4060 litteram
423 4011 475 4059 bela
493 4012 622 4072 digamma
640 4016 767 4059 mutatum
792 4013 920 4071 reperitur
937 4012 962 4057 in
984 4011 1115 4070 lapidibus
1132 4006 1166 4073 (e.
1185 4024 1209 4068 g.
1231 4010 1387 4072 Βνρδαγδρας

146 4081 263 4152 4133350,
279 4095 348 4157 ³05⁰?
364 4093 435 4139 (loro.
452 4093 525 4147 3194,
546 4096 642 4154 Βαικδαρ
658 4093 697 4138 El.
714 4087 812 4154 113244)
828 4092 868 4136 vel
883 4091 951 4149 apud
968 4089 1171 4148 lexicographos.
1186 4088 1268 4146 ipsius
1284 4089 1386 4146 linguae

146 4158 194 4211 ”²1¹0
205 4169 275 4220 fuisse
292 4172 462 4219 mutationem
479 4172 662 4230 intellegimus,
685 4185 778 4231 nempe
798 4184 829 4216 ex
846 4183 909 4216 sono
925 4184 945 4214 w
968 4169 1093 4228 prodiisse
1112 4181 1201 4213 sonum
1217 4181 1237 4220 ν,
1255 4168 1303 4212 hoc
1320 4169 1387 4214 enim

146 4241 195 4290 ”10²
207 4247 262 4297 illud
280 4252 340 4299 beta
358 4249 428 4311 apud
445 4251 614 4306 recentiorem
638 4250 728 4296 sedin
746 4262 884 4296 consonam
900 4262 996 4308 pamma
1019 4248 1149 4306 digamma
1166 4246 1261 4292 abiisse
1280 4261 1329 4292 non
1348 4251 1389 4292 est

145 4321 246 4390 credibile,
268 4331 355 4390 itaquo
377 4329 600 4389 quadratariorum
623 4330 664 4376 vel
686 4330 849 4375 librariorum
874 4341 973 4375 errores
999 4327 1119 4373 videntur
1139 4326 1229 4384 tyrcio
1255 4323 1388 4385 Pamphyl.

147 4400 218 4466 Htw,
237 4429 259 4468 rr
280 4428 316 4469 γοα
339 4410 411 4457 Aeol.
428 4405 576 4473 (Balbillae)
595 4404 695 4461 320⁷=¹⁸,
718 4412 801 4467 γακτός
818 4409 912 4467 pedatae
930 4411 979 4454 etc.
997 4420 1044 4467 pro
1068 4399 1167 4452 &fidia
1184 4398 1216 4451 fr
1234 4398 1278 4451 for
1297 4400 1390 4458 saurir

145 4470 222 4533 flium
238 4492 283 4536 310·

168 4555 186 4624 ²)
198 4564 350 4626 Negleximus
367 4568 438 4616 locos
455 4568 501 4615 ubi
518 4569 701 4629 paragogicum
720 4587 743 4613 -ν
761 4566 898 4614 dolendum
918 4569 970 4624 ost;
989 4565 1039 4612 vid.
1057 4578 1116 4625 pag.
1137 4565 1183 4611 lle
1202 4566 1254 4610 not.
1274 4565 1295 4610 1.

1258 4650 1283 4693 11
