3120 5124
762 348 806 394 XL

144 521 227 581 Hinc
250 521 283 580 in
306 522 426 581 receuti
450 520 532 580 eatis
555 520 666 580 Iliadis
689 520 830 594 episodio
855 521 880 577 Z
902 519 963 579 169
984 519 1259 579 commemoratur
1278 515 1417 590 epistula

145 621 280 696 letifera,
315 637 414 694 quam
448 621 686 695 Bellerophonti
720 620 809 681 dedit
843 620 979 680 Proetus
1015 618 1197 679 Corinthius
1228 619 1268 679 ad
1300 615 1417 690 Lyciae

145 736 256 795 regem
280 721 413 781 Iobateu
438 720 679 795 perferendam:

606 814 710 897 ’πόρεν
733 813 763 879 ‹l’
791 816 808 879 ὅ
830 839 863 898 ys
886 817 1002 896 σήματα
1023 816 1127 898 λυγρὰ,

386 922 505 1002 γράψας
530 919 561 982 ἐν
585 921 689 980 πίνακι
712 929 830 1003 πτυκτῷ
853 920 1043 998 θυμοφθόρα
1065 918 1167 980 πολλά.

143 1022 276 1095 Πνυντὸς
305 1025 357 1085 hic
388 1041 485 1099 quem
517 1026 612 1099 poeta
643 1023 720 1084 dicit
750 1021 840 1093 πίναξ
878 1022 955 1096 quin
986 1022 1063 1082 talis
1094 1021 1161 1082 iere
1191 1021 1288 1082 merit
1319 1018 1416 1092 δέλτος

141 1125 261 1199 duplex
289 1126 359 1184 sive
390 1124 541 1203 δίπτυχον,
570 1124 719 1198 qualibus
749 1122 943 1198 posteriores
974 1123 1014 1183 ad
1046 1122 1204 1197 epistulas
1229 1123 1417 1184 scribendas

140 1225 289 1285 solebant
318 1227 377 1300 uti,
408 1225 582 1300 pugillares
613 1228 702 1284 intus
733 1238 809 1284 cera
835 1223 967 1298 inducti,
994 1222 1049 1297 qui
1071 1222 1255 1296 complicati
1278 1225 1312 1283 et
1335 1223 1415 1284 obel-

141 1326 232 1398 gnati
262 1325 513 1401 perforabantur,
544 1327 677 1386 dubium
709 1340 772 1385 non
796 1325 941 1399 videtum
966 1324 1023 1384 sed
1047 1323 1168 1384 talibus
1191 1324 1298 1384 verbis
1321 1325 1416 1398 poeta

142 1426 244 1485 utitur
274 1427 328 1486 ubi
347 1427 444 1486 huius
463 1425 588 1496 πίνακος
610 1427 809 1485 mentionem
828 1425 916 1501 iacit,
936 1426 974 1484 ut
992 1424 1129 1484 minime
1149 1423 1318 1497 vulgatum
1337 1426 1415 1485 tunc

142 1528 299 1601 temporis
324 1528 425 1588 hrisse
450 1527 662 1602 epistularum
686 1542 784 1586 usum
807 1525 987 1587 luculenter
1010 1527 1164 1600 appareat
1186 1522 1215 1596 ¹).

188 1628 285 1702 iipica
309 1631 420 1689 autem
446 1629 591 1689 carmina
612 1628 749 1702 quando,
771 1627 836 1701 ubi,
859 1627 1018 1700 aquibus
1041 1627 1182 1700 primum
1206 1626 1326 1701 scripto
1349 1628 1417 1688 sint

144 1730 307 1804 mandata,
322 1730 434 1802 ,dicere
454 1730 612 1790 hacteuus
630 1743 726 1788 nemo
742 1728 858 1802 potuit,
869 1728 926 1786 sed
939 1728 971 1786 id
990 1728 1119 1802 quidem
1140 1730 1265 1788 certum
1278 1728 1417 1803 videtur,

142 1832 175 1889 in
211 1845 285 1890 eam
319 1844 417 1903 quam
453 1831 605 1891 novimus
639 1828 777 1888 icrmam
810 1842 849 1887 ea
880 1827 1024 1886 carmina
1055 1827 1179 1888 sensim
1213 1827 1321 1902 effingi
1352 1844 1416 1889 non

145 1931 289 2005 potuisse
313 1931 383 1992 sine
407 1931 589 1992 litterarum
613 1945 682 2004 ope.
707 1930 819 2002 Itaque
843 1943 1015 1989 sumamus
1038 1930 1165 2003 oportet
1187 1929 1221 1990 in
1243 1929 1341 1990 Asiae
1360 1944 1418 1989 ora

146 2032 337 2093 occidentali
356 2026 377 2102 ²)
397 2035 495 2106 atque
512 2031 628 2091 insulis
648 2031 869 2091 adiacentibus
890 2025 910 2099 ³)
930 2030 1060 2091 saeculo
1080 2030 1146 2090 iere
1163 2030 1417 2105 V1H0,iortasse

146 2135 246 2193 etiam
260 2133 425 2207 aliquanto
434 2134 532 2208 prius,
546 2132 697 2192 extitisse
709 2132 829 2205 scripta
841 2131 1022 2191 carminum
1032 2131 1193 2204 epicorum
1207 2132 1416 2208 exemplaria,

145 2248 228 2306 quae
252 2234 322 2294 sive
345 2236 452 2294 totum
477 2248 557 2308 opus
579 2235 764 2307 utrumque,
789 2232 859 2292 sive
879 2232 1014 2292 alterins
1036 2232 1142 2292 utrius
1161 2233 1270 2306 partes
1290 2231 1417 2305 aliquas

146 2333 445 2408 complecterentur.
475 2333 630 2394 Credibile
647 2335 758 2393 autem
782 2334 918 2393 estnon
942 2336 1090 2394 cantores
1112 2335 1242 2394 tautum
1266 2333 1418 2393 manibus

144 2449 183 2494 ea
208 2449 356 2494 versasse
381 2449 520 2508 suosque
541 2436 574 2493 in
601 2449 681 2494 usus
705 2433 900 2509 adhibuisse,
924 2434 981 2494 sed
1004 2437 1038 2494 et
1060 2433 1141 2494 alios
1162 2467 1203 2477 -
1223 2447 1344 2508 paucos
1371 2435 1415 2493 ta·

145 2549 232 2609 men,
257 2535 428 2608 opinor-
451 2550 525 2595 aere
548 2550 607 2595 suo
630 2534 691 2594 eibi
716 2549 847 2608 parasse
870 2536 907 2593 ut
930 2534 1032 2595 oculis
1054 2535 1124 2595 suis
1148 2537 1351 2608 usurparent.

188 2635 249 2697 Sed
285 2636 323 2696 de
357 2636 408 2695 his
439 2636 530 2697 libris
559 2635 649 2696 nulla
678 2650 761 2708 quae
791 2635 921 2709 quidem
951 2633 1014 2696 fide
1044 2636 1141 2710 digna
1171 2636 1215 2695 sit
1236 2635 1354 2695 notitia
1375 2636 1416 2697 ad

143 2750 203 2795 noe
235 2736 391 2810 pervenit,
422 2737 531 2811 itaque
562 2737 707 2810 praestat
739 2736 931 2795 coniecturis
961 2737 999 2796 de
1029 2736 1071 2796 iis
1093 2751 1157 2796 non
1178 2735 1354 2810 indulgere.
1378 2738 1416 2797 In

142 2837 252 2897 Attica
283 2838 417 2897 demum
447 2852 529 2911 quae
560 2837 627 2898 fata
658 2837 829 2897 habuerint
856 2837 1001 2896 carmina
1025 2837 1208 2912 Homerica,
1232 2838 1416 2898 accuratius

142 2938 307 3011 aliquanto
332 2971 372 2981 -
397 2954 456 2999 nec
478 2942 590 2999 tamen
614 2938 696 2998 satis
721 2939 870 2997 accurate
895 2971 936 2980 —
957 2937 1033 2998 licet
1052 2939 1235 2999 resciscere.
1260 2939 1416 3013 iuquam

142 3039 305 3111 regionem
330 3053 350 3098 a
373 3039 487 3099 Solone
507 3038 666 3099 translata
688 3053 762 3098 esse
784 3038 941 3114 feruntur,
966 3039 1023 3099 sed
1046 3038 1167 3100 rectius
1190 3039 1310 3100 dixeris
1331 3040 1415 3101 Solo

142 3155 217 3200 nem
250 3141 394 3200 carmina
426 3141 515 3215 epica
545 3140 666 3200 dudum
691 3139 724 3198 in
749 3140 859 3199 Attica
881 3140 1011 3213 cognita
1035 3141 1157 3200 maiore
1183 3142 1283 3202 etiam
1307 3144 1339 3202 in
1363 3143 1416 3202 ho·

142 3256 219 3302 nore
251 3241 426 3303 collocasse
445 3244 478 3311 ⁴).
514 3242 676 3302 Pisistrati
707 3243 819 3302 autem
843 3240 1050 3315 filiorumque
1073 3244 1229 3320 tempore,
1254 3258 1330 3303 cum
1354 3243 1416 3304 cul·

144 3472 240 3520 „propa
265 3459 388 3518 cogimur,
413 3462 442 3506 ui
467 3459 568 3507 etiamsi
591 3461 693 3506 litteras
718 3462 778 3507 ante
803 3461 944 3508 Homerum
961 3461 989 3507 in
1006 3461 1141 3509 Graeciam
1159 3463 1313 3523 importatae
1330 3467 1418 3512 essent

144 3551 257 3598 „omncs
281 3541 366 3585 nmen
390 3538 537 3585 facultatem
556 3541 583 3585 et
598 3552 675 3585 usum
700 3552 789 3586 earum
806 3552 888 3599 usque
907 3540 939 3587 ad
956 3540 1029 3586 initia
1046 3541 1227 3602 Olympiadum
1245 3544 1298 3590 fere
1316 3545 1416 3592 nulium

144 3618 241 3673 „fuisse
259 3616 420 3664 credamus.''

177 3692 198 3760 ¹)
215 3697 281 3743 Hinc
304 3695 457 3743 dubitarunt
478 3696 552 3743 multi
571 3711 633 3744 uum
659 3697 690 3745 de
708 3699 776 3745 reris
793 3698 887 3745 litteris
904 3699 1025 3758 loquatur
1042 3703 1126 3760 poeta,
1144 3701 1322 3761 imagunculae
1339 3715 1416 3761 qnas-

145 3773 204 3821 dam
230 3775 270 3821 vel
297 3778 370 3821 notas
395 3774 549 3834 symbolicas
572 3775 600 3823 in
622 3777 794 3836 pugillaribus
817 3791 832 3823 a
853 3779 946 3825 Proeto
967 3781 1085 3825 exaratae
1105 3793 1163 3828 esse
1180 3781 1313 3842 suspicati,
1331 3783 1358 3829 ln
1376 3782 1418 3830 his

143 3853 315 3909 Aristarchus,
336 3855 378 3900 cui
395 3854 547 3914 adstipulati
564 3857 625 3902 eunt
641 3856 710 3902 Wolf
727 3855 839 3917 (Proleg.
858 3870 882 3916 p.
902 3858 932 3904 81
950 3856 1018 3919 sqq.)
1036 3858 1138 3918 aliique.

177 3929 199 3994 ¹)
216 3933 291 3979 Asiae
313 3945 384 3978 oram
407 3930 534 3980 incolebat
557 3938 633 3993 poeta
657 3936 701 3993 qui
724 3936 833 3981 Boream
852 3939 878 3982 et
896 3937 1042 3996 Zephyrum
1060 3942 1150 3986 ventos
1167 3954 1181 3988 e
1200 3941 1309 3988 Thracia
1326 3942 1418 3990 flantes

143 4011 216 4058 littus
234 4011 291 4070 alga
309 4015 471 4059 consternare
489 4015 581 4060 cecinit
599 4021 613 4061 1
628 4015 643 4060 b
661 4028 717 4073 sqq.

179 4086 198 4148 ³)
216 4091 353 4138 Hominem
371 4091 526 4147 insulanum,
544 4094 588 4152 qui
606 4094 632 4138 in
649 4093 705 4139 Ohii
722 4092 832 4140 Lesbius
850 4106 894 4139 ora
911 4095 1064 4142 occidentali
1082 4098 1186 4152 viveret,
1203 4100 1314 4159 prodere
1329 4100 1417 4148 viden-

143 4175 186 4218 tur
212 4183 279 4229 qnae
307 4175 334 4217 Ψ
353 4171 400 4218 aii
424 4171 448 4217 Ω
473 4173 503 4218 13
526 4171 559 4219 de
577 4171 631 4217 sole
649 4184 728 4231 supra
746 4184 816 4218 mare
833 4174 949 4231 surgenti
967 4173 1100 4233 leguntur;
1119 4179 1214 4237 quibus
1233 4179 1297 4226 iocis
1314 4183 1418 4240 poetam

144 4262 174 4295 ea
191 4248 298 4308 pingere
316 4253 425 4310 apparet
443 4263 509 4308 quae
527 4250 584 4310 ipse
601 4252 662 4297 ants
681 4249 770 4297 oculos
784 4250 882 4297 habere
896 4251 999 4299 soleret.
1015 4254 1052 4301 Oi.
1068 4257 1153 4315 Bergk
1169 4259 1213 4305 Gr.
1230 4259 1291 4306 Litt.
1304 4259 1343 4320 Ip
1360 4261 1418 4306 sni.

177 4323 200 4391 ⁴)
217 4328 256 4375 01.
275 4329 344 4377 Wolf
357 4329 459 4389 Proles.
478 4343 503 4389 p.
529 4329 593 4384 1403
614 4329 642 4374 td
666 4328 764 4392 Ὀμήρου
781 4328 804 4382 ie*
822 4332 936 4393 ὑποβολῆς
953 4331 1052 4396 γέγραφε
1071 4337 1244 4398 ῥαψῳδεῖσθαι,
1263 4334 1311 4385 olor
1328 4340 1388 4386 ὅπου
1406 4339 1419 4385 d

143 4416 233 4471 πρῶτος
258 4406 334 4468 Ιληξιν
359 4412 448 4456 lucidae
474 4410 595 4472 ἂρχισθαι
622 4407 663 4454 τὸν
689 4410 807 4467 illiceret,
832 4409 940 4468 Diogen.
966 4411 1051 4459 naen.
1086 4414 1099 4459 Ῑ
1121 4415 1160 4462 57.
1186 4417 1286 4463 Solonis
1302 4416 1418 4475 aequalis

145 4486 290 4534 Clisthenes
307 4488 441 4546 Sicyonius
460 4489 586 4549 ῥαψῳδοὺς
603 4489 689 4534 inaura
707 4491 731 4534 ίν
747 4491 844 4534 macen
862 4491 1018 4547 &pervicaciae
1036 4487 1141 4554 (Herod.
1159 4496 1179 4541 V
1201 4494 1251 4557 6⁹1).
