3120 5124
185 112 223 170 In
253 108 415 170 codicibus
446 108 478 167 et
509 105 703 166 editionibus
735 104 896 164 hodiernis
919 119 983 163 non
1008 110 1064 172 τῶς
1091 105 1124 161 31
1147 91 1187 172 ὧς
1211 100 1306 160 scribi
1326 92 1458 159 solet

142 212 198 271 sed
222 209 277 281 τώς
300 211 333 271 31
355 208 405 285 ὥς,
426 209 570 282 praestat
594 208 706 266 tamen
727 205 817 278 sequi
838 204 1019 279 Tryphonis
1039 202 1085 280 (in
1101 203 1210 277 Etym.
1225 201 1265 261 11.
1278 192 1459 275 saofi)

142 314 367 387 praeceptum:
392 301 431 381 ὧς
453 317 630 387 περισπᾶται
655 304 701 366 ὅτε
726 305 863 384 σημαίνει
885 304 917 365 τὸ
941 304 1044 375 οὕτως,

188 412 497 474 commemorandae
527 413 604 470 sunt
634 408 813 469 locutiones
844 404 895 465 nui
927 397 967 478 ὧς
994 406 1039 465 vel
1060 406 1103 465 sic
1128 400 1268 482 (tomen),
1291 405 1323 465 et
1344 387 1464 462 οὐδ’

144 510 239 591 (μηδ’)
261 506 303 586 ’ὧς
326 513 582 587 uerisimilem,
607 526 745 583 quarum
768 510 853 584 prior
878 509 979 569 etiam
1002 509 1087 582 apud
1107 507 1302 568 recentiores
1320 504 1465 564 (irae⁴

144 633 199 677 cos
222 617 411 690 permansit.

188 820 265 880 Rari
296 821 329 878 in
359 818 448 893 poesi
472 817 562 891 epica
584 817 662 876 sunt
684 815 756 891 loci,
781 816 898 888 quibus
920 829 1096 889 pronomen
1120 810 1179 889 dh)
1204 810 1223 888 ἥ
1246 809 1278 870 τό
1302 809 1465 870 eaden

143 922 267 981 ratione
298 935 361 992 qua
394 920 478 994 apud
509 920 655 992 posteros
683 919 866 992 usurpatur,
898 931 957 976 nec
989 915 1122 976 dubium
1154 914 1232 987 quin
1256 911 1351 972 multi
1407 915 1465 963 01

143 1022 195 1081 his
225 1021 486 1083 emendationem
515 1020 696 1093 requirant3
722 1035 748 1078 e.
773 1034 803 1092 g.
827 1034 883 1093 pro
908 1016 940 1077 τὸ
964 1014 1018 1075 σόν
1041 1017 1074 1076 31
1096 1011 1132 1073 τὰ
1154 1011 1198 1072 fb
1222 1013 1325 1075 critici
1346 1012 1465 1070 iuri

143 1123 377 1196 rescripsemnt
407 1120 472 1181 τεόν
496 1123 529 1182 31
551 1118 617 1197 tra,
640 1121 679 1181 ci.
704 1135 775 1194 pag.
801 1120 882 1194 260;
907 1134 963 1193 pro
987 1115 1108 1195 ὤριστος
1133 1114 1167 1194 (i.
1192 1131 1221 1177 e.
1247 1110 1263 1174 d
1286 1110 1465 1193 ἄριστος

145 1225 350 1284 scribendum
385 1238 457 1284 esse
492 1217 531 1300 ὄχ’
568 1219 685 1298 ἄριστος
720 1222 752 1281 in
783 1222 801 1291 5
836 1222 855 1280 9
898 1221 1048 1281 vidimus.
1081 1219 1143 1279 Sed
1174 1231 1289 1278 omnes
1319 1215 1465 1276 locos

145 1327 261 1399 quibus
291 1326 499 1385 Homericum
529 1322 547 1382 ὅ
570 1322 589 1400 ἥ
611 1322 644 1383 τό
668 1324 708 1382 ab
733 1324 841 1383 Attico
865 1321 999 1383 articulo
1024 1322 1079 1380 vix
1103 1321 1279 1394 quidquam
1303 1317 1465 1378 diacre

145 1430 211 1502 pat,
247 1428 304 1487 aut
337 1427 493 1499 corrigere
526 1425 610 1485 velle
640 1426 697 1484 aut
720 1440 875 1500 resecare,
908 1440 935 1485 e.
960 1439 990 1497 g.
1015 1424 1213 1498 11236311,
1247 1421 1321 1492 266,
1343 1405 1465 1477 309

147 1529 209 1588 321
235 1544 293 1603 sq„
322 1530 397 1603 411,
421 1527 602 1601 imperitiae
630 1527 711 1586 foret
731 1529 763 1587 et
782 1526 936 1586 audaciae
958 1541 1022 1586 non
1043 1519 1202 1586 ferendae.
1228 1521 1274 1583 cf.
1295 1520 1368 1580 Mon
1378 1504 1465 1575 10¹

146 1645 175 1703 p.
202 1630 386 1689 226-234.

191 1831 328 1891 Dativus
358 1831 440 1905 sing.
471 1835 575 1891 neutr.
607 1841 657 1914 τῷ,
687 1832 867 1892 sententiae
899 1831 991 1890 initio
1018 1830 1204 1904 collocatus,
1232 1841 1328 1900 saepe
1350 1827 1458 1899 par-

146 1933 264 1992 ticulae
296 1933 482 1993 causativas
514 1949 648 1993 munere
680 1934 835 2008 fungitur,
853 1958 885 1979 =
900 1936 1074 2008 propterea,
1098 1932 1237 1992 eandem
1261 1928 1327 1989 iere
1350 1922 1453 1986 vim

147 2033 245 2107 igitur
272 2034 394 2094 habens
416 2036 513 2107 atque
537 2025 601 2094 οὖν.
624 2035 659 2095 Ε.
683 2051 731 2109 g.:

235 2145 274 2218 τῷ
298 2133 338 2212 μή
362 2157 412 2212 μοι
434 2133 561 2212 πατέρας
583 2129 652 2195 ποθ’
681 2133 769 2220 ὁμοίῃ
792 2133 880 2195 ἔνθεο
904 2146 981 2219 τιμῇ.
1163 2137 1190 2193 Δ
1209 2133 1286 2192 410.

191 2238 386 2309 Frequenter
422 2238 521 2298 etiam
556 2253 633 2298 voce
664 2247 703 2320 τῷ
734 2239 894 2299 indicatur
928 2238 1004 2311 quid
1033 2237 1197 2312 expectari
1227 2234 1333 2310 possit
1361 2220 1432 2290 aut

147 2339 306 2412 potuisset
329 2340 357 2398 si
379 2340 542 2412 loquentis
561 2340 750 2414 hypothesis
773 2340 882 2413 aliqua
903 2343 1058 2401 aenium
1079 2339 1198 2400 habeat
1216 2338 1276 2398 aut
1295 2329 1421 2395 habuis‘

147 2442 214 2513 set;
239 2455 266 2500 3.
290 2455 320 2513 g.

236 2549 275 2623 τῷ
298 2562 330 2600 κε
352 2536 408 2619 τάχ’
435 2539 556 2619 ἠμύσειε
577 2540 662 2614 πόλις
686 2541 836 2620 Πριάμοιο
860 2541 1017 2615 funerator.
1161 2543 1186 2600 B
1209 2539 1286 2599 373.

237 2651 275 2724 τῷ
299 2639 332 2701 κε’
353 2644 405 2702 fot
428 2639 500 2703 οὐδὲ
522 2641 650 2704 θανόντι
673 2642 764 2721 χυτὴν
789 2641 837 2703 ἐστὶ
860 2649 950 2723 γαῖαν
974 2642 1086 2723 ἔχευαν.
1168 2642 1286 2723 γ258.
1396 2697 1398 2701 4

192 2742 326 2804 Veteres
345 2746 577 2818 grammaticos
596 2746 768 2805 nonnullos
792 2746 912 2807 talibus
931 2746 1012 2807 locis
1034 2755 1073 2805 τῶ
1097 2747 1155 2807 aut
1177 2745 1216 2805 τώ
1240 2745 1410 2820 scripsisse,

147 2844 294 2904 dativum
320 2862 392 2907 esse
414 2849 581 2922 negantes
606 2847 721 2907 docent
744 2847 843 2907 schol.
870 2849 894 2905 Β
918 2849 982 2907 373
1006 2850 1039 2908 et
1062 2847 1170 2921 Etym.
1196 2846 1236 2908 11.
1269 2849 1342 2923 773,
1363 2846 1412 2919 20;

148 2947 187 3006 es.
219 2947 264 3005 La
295 2948 402 3008 Roche
433 2949 546 3009 Gesch.
578 2948 607 3008 d.
640 2950 671 3008 h.
704 2949 887 3009 Textkritik
917 2966 946 3024 p.
980 2951 1054 3011 368.
1086 2951 1160 3024 Ipse
1184 2950 1230 3010 La
1253 2949 1362 3010 Roche
1385 2948 1414 3008 iu

149 3049 269 3109 edendo
293 3049 434 3110 Homero
458 3067 513 3110 eos
536 3052 669 3110 secutus
693 3053 753 3125 est,
777 3051 1001 3111 assentiuntur
1024 3054 1136 3112 autem
1159 3049 1215 3111 alii
1239 3050 1300 3110 viri
1326 3049 1416 3124 docti,

148 3165 222 3213 eum
244 3151 406 3211 adverbiis
429 3141 485 3210 ὧδε
509 3154 542 3212 31
565 3150 679 3222 οὔτινας)
703 3168 816 3213 vocem
839 3156 912 3224 τῶ(ι)
935 3156 1174 3235 componentes.

194 3354 309 3413 Paucis
334 3355 412 3415 locis
435 3354 557 3426 aliquot
580 3356 680 3416 etiarn
706 3357 821 3417 vocula
842 3356 874 3416 τό
899 3359 1026 3419 videtur
1046 3359 1154 3419 valere
1169 3362 1346 3435 propterea,
1369 3356 1421 3430 qui

148 3459 259 3515 tamen
283 3456 344 3517 loci
367 3459 425 3516 aut
448 3459 625 3530 corrigendi
648 3462 726 3518 sunt
749 3464 806 3520 aut
828 3461 923 3523 aliter
946 3463 1137 3537 explicandi.
1160 3462 1284 3536 Nempe
1311 3464 1339 3520 T
1359 3460 1421 3521 213

149 3572 204 3629 pro
235 3554 267 3615 τό
291 3579 341 3633 μοι
364 3555 449 3618 οὔτι
472 3563 617 3634 praestat
641 3561 661 3621 l.
688 3577 716 3622 a.
741 3571 780 3644 τῷ
813 3557 893 3638 μ’(οι)
917 3560 954 3623 od
977 3586 1014 3640 τι,
1037 3565 1076 3626 ci.
1101 3565 1119 3634 6
1147 3565 1204 3638 13;
1229 3567 1254 3622 θ
1277 3565 1344 3624 332
1368 3579 1422 3639 pro

148 3653 272 3739 τέχνῃσι·
303 3657 335 3718 τὸ
366 3657 416 3718 καὶ
438 3663 680 3723 rescribendum
711 3665 762 3723 est
786 3661 879 3748 τέχνῃ·
903 3675 941 3749 τῷ
965 3663 1024 3741 καὶ,
1047 3682 1109 3740 quo
1140 3667 1264 3728 ducunt
1286 3668 1423 3743 codices,

150 3774 287 3832 quorum
321 3762 417 3821 multi
446 3759 572 3846 τέχνῃσι·
603 3772 641 3823 τῶ
674 3763 724 3823 καὶ
753 3768 907 3839 praebent
938 3770 1042 3830 metro
1074 3769 1194 3844 invito;
1223 3770 1307 3830 item
1334 3779 1375 3853 tp
1397 3763 1421 3829 ι’

150 3862 328 3934 corrigatur
365 3865 398 3920 Ψ
419 3866 482 3924 647
516 3881 572 3939 pro
604 3864 635 3925 τό
666 3887 717 3925 κεν
749 3868 801 3928 vel
830 3878 869 3951 τῷ
899 3891 959 3928 νιν.
994 3871 1148 3932 liberiori
1183 3874 1422 3934 sententiarum

150 3964 392 4023 structuraevii
425 3966 488 4026 827
521 3964 545 4030 Ξ
572 3968 635 4026 342
667 3970 770 4045 3401
804 3971 938 4032 debetur
968 3971 1000 4032 τό
1030 3993 1072 4051 χε,
1102 3975 1207 4034 1363
1234 3973 1268 4036 τὸ
1291 3971 1358 4052 μὲν.
1386 3976 1422 4037 In

149 4066 183 4120 H
204 4066 267 4124 239
297 4067 373 4125 Mi)
399 4068 581 4129 subiectum
606 4071 656 4129 est
678 4068 721 4146 τό,
744 4073 777 4131 31
801 4075 830 4130 Γ
852 4074 913 4134 176
939 4077 964 4132 P
984 4075 1049 4134 404
1076 4075 1249 4138 obiectum.
