<?xml version="1.0" encoding="UTF-8"?>
<!DOCTYPE html PUBLIC "-//W3C//DTD XHTML 1.0 Transitional//EN"
    "http://www.w3.org/TR/xhtml1/DTD/xhtml1-transitional.dtd">
<html xmlns="http://www.w3.org/1999/xhtml" xml:lang="en" lang="en">
 <head>
  <title>
</title>
<meta http-equiv="Content-Type" content="text/html;charset=utf-8" />
  <meta name='ocr-system' content='tesseract 3.04.00' />
  <meta name='ocr-capabilities' content='ocr_page ocr_carea ocr_par ocr_line ocrx_word'/>
</head>
<body>
  <div class='ocr_page' id='page_1' title='image "./enchiridiumdict00leeugoog/enchiridiumdict00leeugoog_0032.png"; bbox 0 0 3120 5124; ppageno 0'>
   <div class='ocr_carea' id='block_1_1' title="bbox 528 1506 974 1591">
    <p class='ocr_par' dir='ltr' id='par_1_1' title="bbox 528 1506 974 1591">
     <span class='ocr_line' id='line_1_1' title="bbox 528 1506 974 1591; baseline -0.004 0"><span class='ocrx_word' id='word_1_1' title='bbox 528 1506 974 1591; x_wconf 77' lang='lat' dir='ltr'><strong>PROLEGOMENA.</strong></span> 
     </span>
    </p>
   </div>
   <div class='ocr_carea' id='block_1_2' title="bbox 629 1798 848 1805">
    <p class='ocr_par' dir='ltr' id='par_1_2' title="bbox 629 1798 848 1805">
     <span class='ocr_line' id='line_1_2' title="bbox 629 1798 848 1805; baseline -0.005 0"><span class='ocrx_word' id='word_1_2' title='bbox 629 1798 848 1805; x_wconf 77' lang='lat'><strong>———-.—.</strong></span> 
     </span>
    </p>
   </div>
   <div class='ocr_carea' id='block_1_3' title="bbox 106 2024 1392 4636">
    <p class='ocr_par' dir='ltr' id='par_1_3' title="bbox 106 2024 1392 4031">
     <span class='ocr_line' id='line_1_3' title="bbox 156 2024 1388 2103; baseline -0.005 -14"><span class='ocrx_word' id='word_1_3' title='bbox 156 2030 205 2089; x_wconf 84' lang='lat' dir='ltr'>Ab</span> <span class='ocrx_word' id='word_1_4' title='bbox 242 2044 289 2103; x_wconf 88' lang='lat' dir='ltr'>eo,</span> <span class='ocrx_word' id='word_1_5' title='bbox 306 2028 374 2100; x_wconf 91' lang='lat' dir='ltr'>·qui</span> <span class='ocrx_word' id='word_1_6' title='bbox 405 2028 554 2088; x_wconf 87' lang='lat' dir='ltr'>dictionis</span> <span class='ocrx_word' id='word_1_7' title='bbox 584 2029 693 2102; x_wconf 78' lang='lat' dir='ltr'>opicae</span> <span class='ocrx_word' id='word_1_8' title='bbox 724 2029 812 2103; x_wconf 84' lang='lat' dir='ltr'>leges</span> <span class='ocrx_word' id='word_1_9' title='bbox 843 2030 888 2090; x_wconf 87' lang='lat' dir='ltr'>sit</span> <span class='ocrx_word' id='word_1_10' title='bbox 918 2029 1147 2102; x_wconf 81' lang='lat' dir='ltr'>descripturus,</span> <span class='ocrx_word' id='word_1_11' title='bbox 1180 2025 1249 2084; x_wconf 89' lang='lat' dir='ltr'>iure</span> <span class='ocrx_word' id='word_1_12' title='bbox 1280 2024 1388 2098; x_wconf 88' lang='lat' dir='ltr'>potest</span> 
     </span>
     <span class='ocr_line' id='line_1_4' title="bbox 111 2126 1389 2205; baseline -0.004 -16"><span class='ocrx_word' id='word_1_13' title='bbox 111 2130 278 2204; x_wconf 87' lang='lat' dir='ltr'>expectari</span> <span class='ocrx_word' id='word_1_14' title='bbox 297 2132 334 2188; x_wconf 91' lang='lat' dir='ltr'>ut</span> <span class='ocrx_word' id='word_1_15' title='bbox 360 2130 550 2204; x_wconf 83' lang='lat' dir='ltr'><strong>priusquam</strong></span> <span class='ocrx_word' id='word_1_16' title='bbox 568 2130 628 2190; x_wconf 88' lang='lat' dir='ltr'>hoc</span> <span class='ocrx_word' id='word_1_17' title='bbox 647 2145 729 2205; x_wconf 90' lang='lat' dir='ltr'>opus</span> <span class='ocrx_word' id='word_1_18' title='bbox 747 2131 952 2205; x_wconf 76' lang='lat' dir='ltr'>aggrediatur</span> <span class='ocrx_word' id='word_1_19' title='bbox 972 2130 1005 2189; x_wconf 95' lang='lat' dir='ltr'>in</span> <span class='ocrx_word' id='word_1_20' title='bbox 1025 2128 1183 2203; x_wconf 82' lang='lat' dir='ltr'>originem</span> <span class='ocrx_word' id='word_1_21' title='bbox 1206 2126 1389 2186; x_wconf 84' lang='lat' dir='ltr'>carminum</span> 
     </span>
     <span class='ocr_line' id='line_1_5' title="bbox 110 2226 1388 2304; baseline -0.004 -14"><span class='ocrx_word' id='word_1_22' title='bbox 110 2232 275 2304; x_wconf 86' lang='lat' dir='ltr'>epicorum</span> <span class='ocrx_word' id='word_1_23' title='bbox 307 2231 476 2304; x_wconf 83' lang='lat' dir='ltr'>ipsamque</span> <span class='ocrx_word' id='word_1_24' title='bbox 508 2233 655 2291; x_wconf 88' lang='lat' dir='ltr'>veterum</span> <span class='ocrx_word' id='word_1_25' title='bbox 688 2233 858 2292; x_wconf 90' lang='lat' dir='ltr'>cantorum</span> <span class='ocrx_word' id='word_1_26' title='bbox 889 2232 993 2291; x_wconf 90' lang='lat' dir='ltr'>artem</span> <span class='ocrx_word' id='word_1_27' title='bbox 1026 2230 1103 2290; x_wconf 89' lang='lat' dir='ltr'>data</span> <span class='ocrx_word' id='word_1_28' title='bbox 1129 2243 1226 2303; x_wconf 92' lang='lat' dir='ltr'>opera</span> <span class='ocrx_word' id='word_1_29' title='bbox 1245 2226 1388 2299; x_wconf 89' lang='lat' dir='ltr'>inquirat</span> 
     </span>
     <span class='ocr_line' id='line_1_6' title="bbox 110 2331 1388 2407; baseline -0.003 -16"><span class='ocrx_word' id='word_1_30' title='bbox 110 2347 271 2404; x_wconf 89' lang='lat' dir='ltr'>suamque</span> <span class='ocrx_word' id='word_1_31' title='bbox 287 2331 326 2391; x_wconf 93' lang='lat' dir='ltr'>de</span> <span class='ocrx_word' id='word_1_32' title='bbox 346 2331 387 2390; x_wconf 90' lang='lat' dir='ltr'>iis</span> <span class='ocrx_word' id='word_1_33' title='bbox 406 2333 547 2405; x_wconf 86' lang='lat' dir='ltr'>exponat</span> <span class='ocrx_word' id='word_1_34' title='bbox 563 2333 756 2407; x_wconf 88' lang='lat' dir='ltr'>opinionem.</span> <span class='ocrx_word' id='word_1_35' title='bbox 775 2334 819 2393; x_wconf 86' lang='lat' dir='ltr'>At</span> <span class='ocrx_word' id='word_1_36' title='bbox 838 2333 867 2392; x_wconf 88' lang='lat' dir='ltr'>si</span> <span class='ocrx_word' id='word_1_37' title='bbox 887 2333 969 2406; x_wconf 89' lang='lat' dir='ltr'>quis,</span> <span class='ocrx_word' id='word_1_38' title='bbox 990 2333 1102 2391; x_wconf 85' lang='lat' dir='ltr'>nostra</span> <span class='ocrx_word' id='word_1_39' title='bbox 1121 2331 1229 2390; x_wconf 89' lang='lat' dir='ltr'>aetate</span> <span class='ocrx_word' id='word_1_40' title='bbox 1247 2342 1388 2403; x_wconf 88' lang='lat' dir='ltr'>praeser-</span> 
     </span>
     <span class='ocr_line' id='line_1_7' title="bbox 112 2429 1392 2510; baseline -0.003 -18"><span class='ocrx_word' id='word_1_41' title='bbox 112 2434 185 2507; x_wconf 89' lang='lat' dir='ltr'>tim,</span> <span class='ocrx_word' id='word_1_42' title='bbox 202 2431 259 2508; x_wconf 89' lang='lat' dir='ltr'>,de</span> <span class='ocrx_word' id='word_1_43' title='bbox 271 2432 433 2493; x_wconf 88' lang='lat' dir='ltr'>Homero&#39;’</span> <span class='ocrx_word' id='word_1_44' title='bbox 457 2433 698 2507; x_wconf 81' lang='lat' dir='ltr'>disputaturum</span> <span class='ocrx_word' id='word_1_45' title='bbox 721 2450 758 2494; x_wconf 90' lang='lat' dir='ltr'>se</span> <span class='ocrx_word' id='word_1_46' title='bbox 772 2433 972 2510; x_wconf 88' lang='lat' dir='ltr'>profiteatur,</span> <span class='ocrx_word' id='word_1_47' title='bbox 989 2432 1159 2493; x_wconf 90' lang='lat' dir='ltr'>audaciam</span> <span class='ocrx_word' id='word_1_48' title='bbox 1171 2445 1248 2505; x_wconf 92' lang='lat' dir='ltr'>prae</span> <span class='ocrx_word' id='word_1_49' title='bbox 1261 2444 1295 2489; x_wconf 89' lang='lat' dir='ltr'>se</span> <span class='ocrx_word' id='word_1_50' title='bbox 1308 2429 1392 2489; x_wconf 88' lang='lat' dir='ltr'>ferat</span> 
     </span>
     <span class='ocr_line' id='line_1_8' title="bbox 110 2528 1386 2610; baseline -0.005 -16"><span class='ocrx_word' id='word_1_51' title='bbox 110 2535 168 2594; x_wconf 86' lang='lat' dir='ltr'>vix</span> <span class='ocrx_word' id='word_1_52' title='bbox 191 2535 301 2594; x_wconf 90' lang='lat' dir='ltr'>minus</span> <span class='ocrx_word' id='word_1_53' title='bbox 325 2534 476 2594; x_wconf 88' lang='lat' dir='ltr'>insanam</span> <span class='ocrx_word' id='word_1_54' title='bbox 496 2549 592 2607; x_wconf 88' lang='lat' dir='ltr'>quarn</span> <span class='ocrx_word' id='word_1_55' title='bbox 624 2536 805 2610; x_wconf 90' lang='lat' dir='ltr'>sipontum</span> <span class='ocrx_word' id='word_1_56' title='bbox 831 2535 958 2596; x_wconf 87' lang='lat' dir='ltr'>ebibere</span> <span class='ocrx_word' id='word_1_57' title='bbox 981 2549 1018 2594; x_wconf 93' lang='lat' dir='ltr'>se</span> <span class='ocrx_word' id='word_1_58' title='bbox 1042 2533 1125 2594; x_wconf 85' lang='lat' dir='ltr'>velie</span> <span class='ocrx_word' id='word_1_59' title='bbox 1149 2532 1279 2592; x_wconf 90' lang='lat' dir='ltr'>diceret.</span> <span class='ocrx_word' id='word_1_60' title='bbox 1302 2528 1386 2588; x_wconf 89' lang='lat' dir='ltr'>Nam</span> 
     </span>
     <span class='ocr_line' id='line_1_9' title="bbox 110 2630 1387 2712; baseline -0.006 -16"><span class='ocrx_word' id='word_1_61' title='bbox 110 2637 213 2696; x_wconf 89' lang='lat' dir='ltr'>maris</span> <span class='ocrx_word' id='word_1_62' title='bbox 247 2636 352 2695; x_wconf 90' lang='lat' dir='ltr'>instar</span> <span class='ocrx_word' id='word_1_63' title='bbox 385 2637 436 2695; x_wconf 88' lang='lat' dir='ltr'>est</span> <span class='ocrx_word' id='word_1_64' title='bbox 470 2637 576 2709; x_wconf 90' lang='lat' dir='ltr'>poesis</span> <span class='ocrx_word' id='word_1_65' title='bbox 613 2637 802 2712; x_wconf 86' lang='lat' dir='ltr'>Homerica;</span> <span class='ocrx_word' id='word_1_66' title='bbox 838 2637 940 2697; x_wconf 91' lang='lat' dir='ltr'>maris</span> <span class='ocrx_word' id='word_1_67' title='bbox 975 2634 1108 2710; x_wconf 87' lang='lat' dir='ltr'>aeterni,</span> <span class='ocrx_word' id='word_1_68' title='bbox 1145 2632 1237 2693; x_wconf 91' lang='lat' dir='ltr'>cuius</span> <span class='ocrx_word' id='word_1_69' title='bbox 1268 2630 1387 2690; x_wconf 87' lang='lat' dir='ltr'>fluctus</span> 
     </span>
     <span class='ocr_line' id='line_1_10' title="bbox 108 2731 1387 2811; baseline -0.005 -15"><span class='ocrx_word' id='word_1_70' title='bbox 108 2737 265 2810; x_wconf 86' lang='lat' dir='ltr'>rhythmo</span> <span class='ocrx_word' id='word_1_71' title='bbox 295 2736 418 2809; x_wconf 88' lang='lat' dir='ltr'>ingenti</span> <span class='ocrx_word' id='word_1_72' title='bbox 441 2751 501 2796; x_wconf 88' lang='lat' dir='ltr'>nec</span> <span class='ocrx_word' id='word_1_73' title='bbox 532 2752 676 2810; x_wconf 88' lang='lat' dir='ltr'>unquam</span> <span class='ocrx_word' id='word_1_74' title='bbox 700 2739 922 2811; x_wconf 86' lang='lat' dir='ltr'>requiescente</span> <span class='ocrx_word' id='word_1_75' title='bbox 946 2737 986 2797; x_wconf 91' lang='lat' dir='ltr'>ad</span> <span class='ocrx_word' id='word_1_76' title='bbox 1011 2736 1107 2796; x_wconf 86' lang='lat' dir='ltr'>litora</span> <span class='ocrx_word' id='word_1_77' title='bbox 1131 2736 1243 2794; x_wconf 90' lang='lat' dir='ltr'>nostra</span> <span class='ocrx_word' id='word_1_78' title='bbox 1265 2731 1387 2806; x_wconf 89' lang='lat' dir='ltr'>provol-</span> 
     </span>
     <span class='ocr_line' id='line_1_11' title="bbox 108 2832 1386 2914; baseline -0.005 -17"><span class='ocrx_word' id='word_1_79' title='bbox 108 2842 247 2912; x_wconf 87' lang='lat' dir='ltr'>vuntur;</span> <span class='ocrx_word' id='word_1_80' title='bbox 274 2871 315 2881; x_wconf 94' lang='lat'>-</span> <span class='ocrx_word' id='word_1_81' title='bbox 342 2838 442 2898; x_wconf 87' lang='lat' dir='ltr'>maris</span> <span class='ocrx_word' id='word_1_82' title='bbox 466 2839 629 2914; x_wconf 87' lang='lat' dir='ltr'>immensi,</span> <span class='ocrx_word' id='word_1_83' title='bbox 654 2840 737 2912; x_wconf 86' lang='lat' dir='ltr'>quod</span> <span class='ocrx_word' id='word_1_84' title='bbox 761 2839 971 2914; x_wconf 86' lang='lat' dir='ltr'>simplicitate</span> <span class='ocrx_word' id='word_1_85' title='bbox 996 2852 1056 2897; x_wconf 88' lang='lat' dir='ltr'>sua</span> <span class='ocrx_word' id='word_1_86' title='bbox 1079 2836 1207 2897; x_wconf 89' lang='lat' dir='ltr'>animos</span> <span class='ocrx_word' id='word_1_87' title='bbox 1229 2833 1269 2894; x_wconf 92' lang='lat' dir='ltr'>ad</span> <span class='ocrx_word' id='word_1_88' title='bbox 1288 2832 1386 2893; x_wconf 91' lang='lat' dir='ltr'>admi·</span> 
     </span>
     <span class='ocr_line' id='line_1_12' title="bbox 107 2933 1389 3014; baseline -0.005 -15"><span class='ocrx_word' id='word_1_89' title='bbox 107 2941 270 2999; x_wconf 89' lang='lat' dir='ltr'>rationem</span> <span class='ocrx_word' id='word_1_90' title='bbox 293 2939 444 3014; x_wconf 86' lang='lat' dir='ltr'>proripit:</span> <span class='ocrx_word' id='word_1_91' title='bbox 468 2940 556 3000; x_wconf 93' lang='lat' dir='ltr'>idem</span> <span class='ocrx_word' id='word_1_92' title='bbox 578 2939 706 3002; x_wconf 84' lang='lat' dir='ltr'>infinita</span> <span class='ocrx_word' id='word_1_93' title='bbox 729 2941 927 3002; x_wconf 87' lang='lat' dir='ltr'>abundantia</span> <span class='ocrx_word' id='word_1_94' title='bbox 950 2953 1060 2999; x_wconf 89' lang='lat' dir='ltr'>rerum</span> <span class='ocrx_word' id='word_1_95' title='bbox 1083 2936 1257 2998; x_wconf 87' lang='lat' dir='ltr'>observatu</span> <span class='ocrx_word' id='word_1_96' title='bbox 1282 2933 1389 3008; x_wconf 89' lang='lat' dir='ltr'>digna·</span> 
     </span>
     <span class='ocr_line' id='line_1_13' title="bbox 108 3036 1388 3115; baseline -0.004 -15"><span class='ocrx_word' id='word_1_97' title='bbox 108 3055 193 3115; x_wconf 91' lang='lat' dir='ltr'>rum,</span> <span class='ocrx_word' id='word_1_98' title='bbox 226 3041 342 3112; x_wconf 89' lang='lat' dir='ltr'>quibus</span> <span class='ocrx_word' id='word_1_99' title='bbox 373 3041 630 3115; x_wconf 86' lang='lat' dir='ltr'>pervestigandis</span> <span class='ocrx_word' id='word_1_100' title='bbox 661 3057 702 3102; x_wconf 92' lang='lat' dir='ltr'>ne</span> <span class='ocrx_word' id='word_1_101' title='bbox 733 3043 804 3102; x_wconf 86' lang='lat' dir='ltr'>tota</span> <span class='ocrx_word' id='word_1_102' title='bbox 836 3040 968 3114; x_wconf 89' lang='lat' dir='ltr'>quidem</span> <span class='ocrx_word' id='word_1_103' title='bbox 992 3040 1061 3099; x_wconf 82' lang='lat' dir='ltr'>vita</span> <span class='ocrx_word' id='word_1_104' title='bbox 1084 3036 1235 3110; x_wconf 81' lang='lat' dir='ltr'>sufficiat,</span> <span class='ocrx_word' id='word_1_105' title='bbox 1260 3036 1388 3095; x_wconf 87' lang='lat' dir='ltr'>mentes</span> 
     </span>
     <span class='ocr_line' id='line_1_14' title="bbox 109 3137 1388 3220; baseline -0.005 -19"><span class='ocrx_word' id='word_1_106' title='bbox 109 3140 305 3216; x_wconf 90' lang='lat' dir='ltr'>percellens;</span> <span class='ocrx_word' id='word_1_107' title='bbox 337 3141 424 3201; x_wconf 82' lang='lat' dir='ltr'>vitae</span> <span class='ocrx_word' id='word_1_108' title='bbox 455 3142 527 3202; x_wconf 83' lang='lat' dir='ltr'>fons</span> <span class='ocrx_word' id='word_1_109' title='bbox 559 3143 752 3220; x_wconf 86' lang='lat' dir='ltr'>altissimus,</span> <span class='ocrx_word' id='word_1_110' title='bbox 784 3144 876 3204; x_wconf 88' lang='lat' dir='ltr'>cuius</span> <span class='ocrx_word' id='word_1_111' title='bbox 907 3141 1044 3202; x_wconf 83' lang='lat' dir='ltr'>fundum</span> <span class='ocrx_word' id='word_1_112' title='bbox 1072 3139 1180 3199; x_wconf 90' lang='lat' dir='ltr'>nulius</span> <span class='ocrx_word' id='word_1_113' title='bbox 1204 3137 1281 3197; x_wconf 90' lang='lat' dir='ltr'>dum</span> <span class='ocrx_word' id='word_1_114' title='bbox 1306 3150 1388 3196; x_wconf 90' lang='lat' dir='ltr'>mor·</span> 
     </span>
     <span class='ocr_line' id='line_1_15' title="bbox 106 3237 1388 3317; baseline -0.005 -15"><span class='ocrx_word' id='word_1_115' title='bbox 106 3243 226 3303; x_wconf 82' lang='lat' dir='ltr'>talium</span> <span class='ocrx_word' id='word_1_116' title='bbox 255 3244 478 3317; x_wconf 89' lang='lat' dir='ltr'>perscrutatus</span> <span class='ocrx_word' id='word_1_117' title='bbox 502 3245 569 3317; x_wconf 89' lang='lat' dir='ltr'>est;</span> <span class='ocrx_word' id='word_1_118' title='bbox 601 3277 641 3288; x_wconf 92' lang='lat'>-</span> <span class='ocrx_word' id='word_1_119' title='bbox 660 3245 761 3305; x_wconf 87' lang='lat' dir='ltr'>maris</span> <span class='ocrx_word' id='word_1_120' title='bbox 790 3246 840 3304; x_wconf 87' lang='lat' dir='ltr'>esi</span> <span class='ocrx_word' id='word_1_121' title='bbox 863 3244 967 3302; x_wconf 92' lang='lat' dir='ltr'>instar</span> <span class='ocrx_word' id='word_1_122' title='bbox 990 3241 1097 3302; x_wconf 86' lang='lat' dir='ltr'>dilecti</span> <span class='ocrx_word' id='word_1_123' title='bbox 1121 3239 1230 3314; x_wconf 92' lang='lat' dir='ltr'>pueris</span> <span class='ocrx_word' id='word_1_124' title='bbox 1254 3237 1388 3297; x_wconf 86' lang='lat' dir='ltr'>lusitan-</span> 
     </span>
     <span class='ocr_line' id='line_1_16' title="bbox 112 3340 1389 3421; baseline -0.005 -17"><span class='ocrx_word' id='word_1_125' title='bbox 112 3346 204 3404; x_wconf 89' lang='lat' dir='ltr'>tibus</span> <span class='ocrx_word' id='word_1_126' title='bbox 252 3345 337 3405; x_wconf 89' lang='lat' dir='ltr'>inter</span> <span class='ocrx_word' id='word_1_127' title='bbox 384 3345 522 3404; x_wconf 87' lang='lat' dir='ltr'>conchas</span> <span class='ocrx_word' id='word_1_128' title='bbox 572 3345 765 3421; x_wconf 87' lang='lat' dir='ltr'>variegatas,</span> <span class='ocrx_word' id='word_1_129' title='bbox 809 3344 925 3418; x_wconf 86' lang='lat' dir='ltr'>quibus</span> <span class='ocrx_word' id='word_1_130' title='bbox 960 3345 1072 3404; x_wconf 87' lang='lat' dir='ltr'>aestus</span> <span class='ocrx_word' id='word_1_131' title='bbox 1107 3340 1225 3402; x_wconf 86' lang='lat' dir='ltr'>stravit</span> <span class='ocrx_word' id='word_1_132' title='bbox 1255 3353 1389 3412; x_wconf 85' lang='lat' dir='ltr'>arenas;</span> 
     </span>
     <span class='ocr_line' id='line_1_17' title="bbox 115 3439 1388 3521; baseline -0.005 -16"><span class='ocrx_word' id='word_1_133' title='bbox 115 3446 225 3506; x_wconf 89' lang='lat' dir='ltr'>dilecti</span> <span class='ocrx_word' id='word_1_134' title='bbox 261 3444 459 3521; x_wconf 87' lang='lat' dir='ltr'>philosophis</span> <span class='ocrx_word' id='word_1_135' title='bbox 489 3459 606 3506; x_wconf 89' lang='lat' dir='ltr'>causas</span> <span class='ocrx_word' id='word_1_136' title='bbox 638 3462 746 3508; x_wconf 92' lang='lat' dir='ltr'>rerum</span> <span class='ocrx_word' id='word_1_137' title='bbox 777 3445 1012 3520; x_wconf 87' lang='lat' dir='ltr'>appetentibus,</span> <span class='ocrx_word' id='word_1_138' title='bbox 1040 3442 1193 3517; x_wconf 82' lang='lat' dir='ltr'>quinino</span> <span class='ocrx_word' id='word_1_139' title='bbox 1218 3439 1388 3513; x_wconf 84' lang='lat' dir='ltr'>aliquando</span> 
     </span>
     <span class='ocr_line' id='line_1_18' title="bbox 115 3541 1387 3623; baseline -0.006 -16"><span class='ocrx_word' id='word_1_140' title='bbox 115 3549 338 3621; x_wconf 87' lang='lat' dir='ltr'>perspecturos</span> <span class='ocrx_word' id='word_1_141' title='bbox 372 3562 408 3607; x_wconf 92' lang='lat' dir='ltr'>se</span> <span class='ocrx_word' id='word_1_142' title='bbox 442 3549 574 3621; x_wconf 88' lang='lat' dir='ltr'>sperant</span> <span class='ocrx_word' id='word_1_143' title='bbox 607 3549 777 3623; x_wconf 88' lang='lat' dir='ltr'>quomodo,</span> <span class='ocrx_word' id='word_1_144' title='bbox 814 3547 951 3623; x_wconf 86' lang='lat' dir='ltr'>quando,</span> <span class='ocrx_word' id='word_1_145' title='bbox 981 3546 1066 3606; x_wconf 91' lang='lat' dir='ltr'>unde</span> <span class='ocrx_word' id='word_1_146' title='bbox 1099 3544 1167 3604; x_wconf 86' lang='lat' dir='ltr'>vita</span> <span class='ocrx_word' id='word_1_147' title='bbox 1202 3541 1387 3614; x_wconf 92' lang='lat' dir='ltr'>emicuerit;</span> 
     </span>
     <span class='ocr_line' id='line_1_19' title="bbox 111 3643 1387 3724; baseline -0.005 -16"><span class='ocrx_word' id='word_1_148' title='bbox 111 3647 220 3708; x_wconf 87' lang='lat' dir='ltr'>dilecti</span> <span class='ocrx_word' id='word_1_149' title='bbox 262 3650 375 3724; x_wconf 89' lang='lat' dir='ltr'>poetis,</span> <span class='ocrx_word' id='word_1_150' title='bbox 420 3650 537 3722; x_wconf 90' lang='lat' dir='ltr'>quibus</span> <span class='ocrx_word' id='word_1_151' title='bbox 567 3650 631 3710; x_wconf 96' lang='lat' dir='ltr'>leni</span> <span class='ocrx_word' id='word_1_152' title='bbox 663 3666 799 3710; x_wconf 90' lang='lat' dir='ltr'>susurru</span> <span class='ocrx_word' id='word_1_153' title='bbox 832 3650 967 3710; x_wconf 79' lang='lat' dir='ltr'>tabelias</span> <span class='ocrx_word' id='word_1_154' title='bbox 999 3648 1135 3722; x_wconf 91' lang='lat' dir='ltr'>inspirat</span> <span class='ocrx_word' id='word_1_155' title='bbox 1167 3660 1276 3705; x_wconf 89' lang='lat' dir='ltr'>rerum</span> <span class='ocrx_word' id='word_1_156' title='bbox 1310 3643 1387 3703; x_wconf 94' lang='lat' dir='ltr'>olim</span> 
     </span>
     <span class='ocr_line' id='line_1_20' title="bbox 110 3745 1388 3825; baseline -0.005 -15"><span class='ocrx_word' id='word_1_157' title='bbox 110 3752 289 3825; x_wconf 87' lang='lat' dir='ltr'>gestarum,</span> <span class='ocrx_word' id='word_1_158' title='bbox 321 3752 378 3811; x_wconf 86' lang='lat' dir='ltr'>aut</span> <span class='ocrx_word' id='word_1_159' title='bbox 408 3751 457 3810; x_wconf 89' lang='lat' dir='ltr'>ira</span> <span class='ocrx_word' id='word_1_160' title='bbox 487 3751 631 3811; x_wconf 81' lang='lat' dir='ltr'>fremens</span> <span class='ocrx_word' id='word_1_161' title='bbox 661 3753 779 3812; x_wconf 87' lang='lat' dir='ltr'>incutit</span> <span class='ocrx_word' id='word_1_162' title='bbox 817 3751 958 3812; x_wconf 82' lang='lat' dir='ltr'>furorem</span> <span class='ocrx_word' id='word_1_163' title='bbox 991 3749 1085 3809; x_wconf 92' lang='lat' dir='ltr'>illum</span> <span class='ocrx_word' id='word_1_164' title='bbox 1119 3748 1174 3820; x_wconf 91' lang='lat' dir='ltr'>qui</span> <span class='ocrx_word' id='word_1_165' title='bbox 1206 3745 1388 3806; x_wconf 89' lang='lat' dir='ltr'>carminum</span> 
     </span>
     <span class='ocr_line' id='line_1_21' title="bbox 111 3844 1386 3926; baseline -0.007 -15"><span class='ocrx_word' id='word_1_166' title='bbox 111 3851 378 3924; x_wconf 89' lang='lat' dir='ltr'>grandisonorum</span> <span class='ocrx_word' id='word_1_167' title='bbox 400 3852 582 3926; x_wconf 82' lang='lat' dir='ltr'>affectuque</span> <span class='ocrx_word' id='word_1_168' title='bbox 601 3852 797 3914; x_wconf 83' lang='lat' dir='ltr'>ferventium</span> <span class='ocrx_word' id='word_1_169' title='bbox 808 3855 859 3912; x_wconf 87' lang='lat' dir='ltr'>est</span> <span class='ocrx_word' id='word_1_170' title='bbox 878 3851 1110 3912; x_wconf 88' lang='lat' dir='ltr'>feracissimus.</span> <span class='ocrx_word' id='word_1_171' title='bbox 1125 3844 1226 3906; x_wconf 80' lang='grc' dir='ltr'><strong><em>Ἔστιν</em></strong></span> <span class='ocrx_word' id='word_1_172' title='bbox 1237 3845 1386 3921; x_wconf 73' lang='grc' dir='ltr'><em>θάλασσα,</em></span> 
     </span>
     <span class='ocr_line' id='line_1_22' title="bbox 111 3949 497 4031; baseline 0.008 -21"><span class='ocrx_word' id='word_1_173' title='bbox 111 3952 154 4024; x_wconf 81' lang='grc' dir='ltr'>τίς</span> <span class='ocrx_word' id='word_1_174' title='bbox 178 3949 210 4012; x_wconf 72' lang='grc' dir='ltr'>δέ</span> <span class='ocrx_word' id='word_1_175' title='bbox 233 3974 282 4011; x_wconf 80' lang='grc' dir='ltr'>νιν</span> <span class='ocrx_word' id='word_1_176' title='bbox 305 3949 497 4031; x_wconf 58' lang='lat' dir='ltr'>monoptota!</span> 
     </span>
    </p>

    <p class='ocr_par' dir='ltr' id='par_1_4' title="bbox 109 4050 1388 4636">
     <span class='ocr_line' id='line_1_23' title="bbox 156 4050 1388 4130; baseline -0.002 -17"><span class='ocrx_word' id='word_1_177' title='bbox 156 4055 270 4127; x_wconf 81' lang='lat' dir='ltr'>Itaque</span> <span class='ocrx_word' id='word_1_178' title='bbox 299 4069 339 4114; x_wconf 94' lang='lat' dir='ltr'>ne</span> <span class='ocrx_word' id='word_1_179' title='bbox 362 4053 464 4113; x_wconf 86' lang='lat' dir='ltr'>nimia</span> <span class='ocrx_word' id='word_1_180' title='bbox 488 4054 649 4115; x_wconf 91' lang='lat' dir='ltr'>moliendo</span> <span class='ocrx_word' id='word_1_181' title='bbox 674 4056 776 4115; x_wconf 89' lang='lat' dir='ltr'>risum</span> <span class='ocrx_word' id='word_1_182' title='bbox 799 4069 1002 4130; x_wconf 81' lang='lat' dir='ltr'>moveamus,</span> <span class='ocrx_word' id='word_1_183' title='bbox 1026 4055 1084 4114; x_wconf 87' lang='lat' dir='ltr'>aut</span> <span class='ocrx_word' id='word_1_184' title='bbox 1106 4053 1192 4112; x_wconf 86' lang='lat' dir='ltr'>ultra</span> <span class='ocrx_word' id='word_1_185' title='bbox 1215 4050 1306 4126; x_wconf 85' lang='lat' dir='ltr'>fines,</span> <span class='ocrx_word' id='word_1_186' title='bbox 1332 4051 1388 4124; x_wconf 85' lang='lat' dir='ltr'>qui</span> 
     </span>
     <span class='ocr_line' id='line_1_24' title="bbox 110 4151 1387 4231; baseline -0.003 -16"><span class='ocrx_word' id='word_1_187' title='bbox 110 4156 200 4216; x_wconf 87' lang='lat' dir='ltr'>hisce</span> <span class='ocrx_word' id='word_1_188' title='bbox 231 4155 467 4230; x_wconf 86' lang='lat' dir='ltr'>prolegomenis</span> <span class='ocrx_word' id='word_1_189' title='bbox 498 4157 714 4218; x_wconf 86' lang='lat' dir='ltr'>constituendi</span> <span class='ocrx_word' id='word_1_190' title='bbox 745 4157 885 4231; x_wconf 82' lang='lat' dir='ltr'>fuerunt,</span> <span class='ocrx_word' id='word_1_191' title='bbox 918 4156 1017 4217; x_wconf 87' lang='lat' dir='ltr'>latius</span> <span class='ocrx_word' id='word_1_192' title='bbox 1048 4154 1207 4229; x_wconf 87' lang='lat' dir='ltr'>expatiari</span> <span class='ocrx_word' id='word_1_193' title='bbox 1239 4151 1387 4212; x_wconf 89' lang='lat' dir='ltr'>materiei</span> 
     </span>
     <span class='ocr_line' id='line_1_25' title="bbox 109 4254 1387 4332; baseline -0.004 -14"><span class='ocrx_word' id='word_1_194' title='bbox 109 4257 199 4318; x_wconf 90' lang='lat' dir='ltr'>mole</span> <span class='ocrx_word' id='word_1_195' title='bbox 233 4271 396 4331; x_wconf 90' lang='lat' dir='ltr'>cogamur,</span> <span class='ocrx_word' id='word_1_196' title='bbox 431 4271 534 4331; x_wconf 89' lang='lat' dir='ltr'>pauca</span> <span class='ocrx_word' id='word_1_197' title='bbox 572 4272 590 4317; x_wconf 91' lang='lat' dir='ltr'>e</span> <span class='ocrx_word' id='word_1_198' title='bbox 625 4258 740 4319; x_wconf 86' lang='lat' dir='ltr'>multis</span> <span class='ocrx_word' id='word_1_199' title='bbox 775 4258 961 4332; x_wconf 87' lang='lat' dir='ltr'>selegamus</span> <span class='ocrx_word' id='word_1_200' title='bbox 996 4257 1122 4330; x_wconf 85' lang='lat' dir='ltr'>oportet</span> <span class='ocrx_word' id='word_1_201' title='bbox 1156 4256 1190 4315; x_wconf 88' lang='lat' dir='ltr'>et</span> <span class='ocrx_word' id='word_1_202' title='bbox 1224 4254 1387 4315; x_wconf 89' lang='lat' dir='ltr'>succincte</span> 
     </span>
     <span class='ocr_line' id='line_1_26' title="bbox 109 4356 1387 4435; baseline -0.002 -17"><span class='ocrx_word' id='word_1_203' title='bbox 109 4361 302 4419; x_wconf 85' lang='lat' dir='ltr'>tractemus.</span> <span class='ocrx_word' id='word_1_204' title='bbox 345 4359 490 4419; x_wconf 83' lang='lat' dir='ltr'>Strictim</span> <span class='ocrx_word' id='word_1_205' title='bbox 529 4362 623 4420; x_wconf 91' lang='lat' dir='ltr'>erunt</span> <span class='ocrx_word' id='word_1_206' title='bbox 655 4362 832 4435; x_wconf 82' lang='lat' dir='ltr'>tangenda¹</span> <span class='ocrx_word' id='word_1_207' title='bbox 850 4375 932 4434; x_wconf 85' lang='lat' dir='ltr'>quae</span> <span class='ocrx_word' id='word_1_208' title='bbox 975 4359 1081 4433; x_wconf 88' lang='lat' dir='ltr'>spissa</span> <span class='ocrx_word' id='word_1_209' title='bbox 1125 4357 1186 4417; x_wconf 91' lang='lat' dir='ltr'>sibi</span> <span class='ocrx_word' id='word_1_210' title='bbox 1221 4356 1387 4416; x_wconf 82' lang='lat' dir='ltr'>volumina</span> 
     </span>
     <span class='ocr_line' id='line_1_27' title="bbox 111 4459 1387 4537; baseline -0.002 -18"><span class='ocrx_word' id='word_1_211' title='bbox 111 4465 248 4533; x_wconf 85' lang='lat' dir='ltr'>poscant</span> <span class='ocrx_word' id='word_1_212' title='bbox 281 4461 309 4520; x_wconf 90' lang='lat' dir='ltr'>si</span> <span class='ocrx_word' id='word_1_213' title='bbox 343 4460 416 4533; x_wconf 90' lang='lat' dir='ltr'>quis</span> <span class='ocrx_word' id='word_1_214' title='bbox 451 4460 512 4520; x_wconf 88' lang='lat' dir='ltr'>rite</span> <span class='ocrx_word' id='word_1_215' title='bbox 547 4461 595 4521; x_wconf 88' lang='lat' dir='ltr'>eis</span> <span class='ocrx_word' id='word_1_216' title='bbox 626 4463 773 4537; x_wconf 84' lang='lat' dir='ltr'>perfungi</span> <span class='ocrx_word' id='word_1_217' title='bbox 805 4462 899 4536; x_wconf 88' lang='lat' dir='ltr'>velit;</span> <span class='ocrx_word' id='word_1_218' title='bbox 932 4460 1060 4521; x_wconf 89' lang='lat' dir='ltr'>eminus</span> <span class='ocrx_word' id='word_1_219' title='bbox 1092 4459 1261 4519; x_wconf 89' lang='lat' dir='ltr'>indicanda</span> <span class='ocrx_word' id='word_1_220' title='bbox 1292 4459 1387 4518; x_wconf 90' lang='lat' dir='ltr'>erunt</span> 
     </span>
     <span class='ocr_line' id='line_1_28' title="bbox 111 4558 1388 4636; baseline -0.004 -13"><span class='ocrx_word' id='word_1_221' title='bbox 111 4560 221 4623; x_wconf 86' lang='lat' dir='ltr'>multa</span> <span class='ocrx_word' id='word_1_222' title='bbox 248 4563 332 4624; x_wconf 90' lang='lat' dir='ltr'>inter</span> <span class='ocrx_word' id='word_1_223' title='bbox 364 4577 445 4635; x_wconf 82' lang='lat' dir='ltr'>quae</span> <span class='ocrx_word' id='word_1_224' title='bbox 476 4562 636 4624; x_wconf 91' lang='lat' dir='ltr'>demorari</span> <span class='ocrx_word' id='word_1_225' title='bbox 664 4565 757 4625; x_wconf 91' lang='lat' dir='ltr'>dulce</span> <span class='ocrx_word' id='word_1_226' title='bbox 788 4565 871 4625; x_wconf 88' lang='lat' dir='ltr'>ioret</span> <span class='ocrx_word' id='word_1_227' title='bbox 901 4578 960 4624; x_wconf 87' lang='lat' dir='ltr'>nec</span> <span class='ocrx_word' id='word_1_228' title='bbox 991 4561 1122 4636; x_wconf 91' lang='lat' dir='ltr'>inutile;</span> <span class='ocrx_word' id='word_1_229' title='bbox 1155 4558 1388 4635; x_wconf 90' lang='lat' dir='ltr'>praetereunda</span> 
     </span>
    </p>
   </div>
   <div class='ocr_carea' id='block_1_4' title="bbox 0 0 1564 5124">
    <p class='ocr_par' dir='ltr' id='par_1_5' title="bbox 0 0 1564 5124">
     <span class='ocr_line' id='line_1_29' title="bbox 0 0 1564 5124; baseline 0 0"><span class='ocrx_word' id='word_1_230' title='bbox 0 0 1564 5124; x_wconf 95' lang='lat' dir='ltr'> </span> 
     </span>
    </p>
   </div>
  </div>
 </body>
</html>
