3120 5124
1318 352 1346 423 6

185 543 221 602 In
253 541 485 615 compositione
516 556 579 601 non
605 543 782 616 usurpatur
804 540 941 616 amplior
964 540 1075 615 stirpis
1097 540 1203 601 forma
1226 542 1329 598 πολλο-

141 647 233 703 πολυ-
256 647 288 714 11.
313 643 407 704 Metri
430 644 541 703 autem
565 656 666 703 eausa
687 643 721 702 in
744 643 849 703 tribus
877 642 1066 715 compositis
1088 639 1286 718 πολῦβότειρα
1314 641 1351 699 ih

141 735 237 822 δο1μος
272 742 444 815 πολΰποδος
478 764 491 803 ε
523 745 587 804 432
612 743 634 813 ’1
666 744 792 818 syllaba
822 744 927 818 prima
958 759 1015 819 pro
1047 744 1142 816 longa
1170 743 1345 818 adhibetur,

142 850 160 917 ἓ
185 850 237 923 21,
259 847 293 907 id
316 847 400 920 quod
422 847 456 906 in
480 846 644 921 mecriptis
667 846 856 920 plerumque
880 846 1041 906 indicatur
1062 845 1261 920 diphthongo
1284 865 1329 920 ου,

143 967 205 1011 nus
234 952 347 1010 tamen
376 951 472 1009 recte.
504 948 624 1008 Veram
647 948 807 1008 rationem
830 949 940 1007 servat
960 947 1044 1022 lapis
1071 946 1319 1020 antiquissimus
1340 942 1351 1005 ί

142 1068 237 1126 cyrae
268 1052 415 1125 repertus
447 1048 524 1109 coll.
557 1050 643 1110 3186
672 1049 765 1119 (IGA.
792 1051 866 1125 340,
891 1049 1005 1110 Kaibel
1032 1049 1138 1125 Epigr.
1166 1050 1271 1124 lilla),
1294 1048 1351 1109 inl

139 1156 200 1215 hae
224 1154 353 1214 litterae
373 1152 487 1212 extant
507 1150 745 1225 buotrophedon
770 1154 937 1213 exaratae:
969 1137 1351 1210 rMOrluArPolnBrol

140 1244 756 1314 ΜΤΑΚΒΠΙΤΥΜΟΙΠΟΛΥΝΟΜΜ
775 1255 847 1329 etc,
872 1252 904 1312 id
928 1255 992 1314 est:
1019 1247 1095 1330 [σᾶμ’
1118 1246 1284 1329 Ἐχετ]ίμου
1303 1270 1351 1327 μοι

141 1354 197 1436 ἐγὼ
223 1349 314 1415 ἕστακ’
341 1351 388 1413 hei
418 1353 500 1437 τύμῳ
521 1347 525 1433 1
547 1351 728 1424 Πολονόδυς
752 1357 813 1415 etc.
838 1355 990 1415 Necnon
1014 1355 1085 1429 ipsa
1117 1354 1274 1428 mseripta
1298 1350 1351 1412 Hor

141 1460 207 1519 rioa
230 1457 344 1518 multis
366 1456 446 1516 loois
469 1458 603 1516 servant
625 1471 721 1516 veras
744 1457 900 1518 lectiones
924 1455 1107 1534 Πολυδάμας
1132 1459 1194 1517 etc.

188 1662 269 1722 Cum
308 1659 502 1735 nominibus,
545 1675 627 1733 quae
666 1662 761 1722 modo
796 1661 1030 1736 recensuimue,
1066 1660 1247 1735 comparari
1280 1671 1350 1733 poss

143 1766 309 1838 praeterea
340 1760 483 1821 verbalia
512 1762 677 1837 nonnulla,
709 1763 826 1835 quibus
856 1763 975 1837 duplex
1005 1765 1056 1823 eet
1083 1762 1195 1837 stirpis
1218 1760 1351 1822 termina

143 1888 172 1924 -c
205 1867 238 1925 et
267 1881 331 1924 -tot
365 1859 495 1938 ίίδμητος
530 1864 564 1922 et
599 1859 705 1940 ἀδμής,
735 1859 862 1942 ἄβλητος
896 1862 1064 1943 ἀπόβλητος
1095 1867 1129 1926 et
1159 1861 1254 1942 ἀβλής
1282 1860 1351 1940 προβ

144 1963 275 2043 ἐπιβλής,
308 1963 496 2040 πολύκμητος
531 1965 563 2024 et
598 1960 705 2042 ἄκμής,
738 1965 840 2043 κλητός
875 1962 997 2043 ἄτλητος
1033 1968 1067 2027 et
1096 1964 1255 2042 πολύτλας,
1284 1959 1351 2044 ίιχνυ

144 2063 305 2145 θ1ἆγνώς.

190 2229 241 2297 10)
272 2227 464 2302 Metaplasta
494 2228 648 2288 nonnulla
679 2229 841 2290 erroribus
872 2231 1060 2291 recentioris
1095 2229 1215 2291 aetatis
1250 2228 1351 2289 doben

144 2329 308 2405 Quaedam
336 2330 490 2388 notarunt
509 2330 715 2402 grammatici
736 2332 881 2392 veteres:
902 2329 1110 2392 πολυπιδάκου
1129 2331 1191 2405 leg.
1212 2328 1351 2391 πολυπίδο

144 2427 172 2493 Ξ
194 2432 255 2491 157
287 2431 359 2505 etc,
396 2428 550 2507 Τίρυνθον
580 2431 641 2506 leg.
676 2431 813 2511 Τίρυνθα
844 2433 922 2494 Hes
955 2435 1042 2494 Scut.
1075 2434 1128 2510 81,
1160 2429 1289 2512 ἀτέρπου
1318 2426 1351 2502 del

144 2534 169 2589 Z
194 2532 267 2606 285,
292 2531 376 2603 quod
400 2532 559 2603 quomodo
584 2533 626 2592 sit
651 2534 874 2608 corrigendum
899 2537 964 2605 (Ar.
986 2532 1053 2613 ἄτερ
1070 2555 1132 2594 που
1146 2525 1178 2606 tl
1194 2550 1259 2595 non
1279 2548 1351 2595 cone

145 2632 218 2692 Alia
242 2631 437 2692 recentiores
461 2636 687 2695 correxerunt:

189 2730 333 2810 εὐτείχεον
363 2733 424 2806 leg.
458 2731 584 2813 ἕντειχὲυ
612 2738 642 2793 A
667 2737 728 2795 129
754 2738 778 2794 Β
805 2739 878 2812 113,
904 2738 967 2797 288
997 2759 1010 2797 ε
1036 2740 1098 2799 716
1122 2743 1146 2797 θ
1171 2739 1247 2799 241.
1273 2736 1351 2798 (10111

144 2835 256 2895 Nauck
280 2834 350 2894 coll.
376 2833 409 2892 Π
431 2837 482 2896 57.
890 2863 894 2871 ’

187 2935 399 3014 πολυδακρύου
424 2940 450 2994 Ρ
471 2939 543 3014 192,
568 2939 704 3013 Bentley
724 2939 940 3019 πολοδάκροος.
961 2942 1191 3015 Perantiquam
1212 2944 1351 3003 tament

116 3038 316 3099 lectionem
360 3039 512 3098 vitiosam
554 3040 766 3117 πολυδακρύου
809 3057 850 3102 ex
891 3042 997 3117 Eurip.
1042 3044 1172 3105 Hercul.
1209 3045 1274 3105 426
1319 3043 1351 3104 ei.

146 3157 175 3200 v.
189 3140 418 3200 Wilamowitz.

187 3242 378 3318 πολυπτύχου
412 3242 437 3300 Θ
460 3243 522 3301 411
548 3244 619 3317 etc,
651 3243 757 3304 Naber
782 3245 977 3324 πολύπτυχος.
1003 3280 1043 3288 -
1070 3246 1188 3307 Mutari
1218 3248 1331 3321 nequit

144 3342 286 3421 δίπτυχον
308 3367 326 3402 ν
351 3345 425 3418 224,
457 3342 582 3421 δίπτυχα
607 3348 634 3402 A
658 3348 720 3406 461
747 3347 771 3403 Β
795 3348 860 3406 424
884 3370 902 3426 χ
926 3348 989 3407 468
1015 3371 1035 3424 μ
1059 3350 1121 3408 361
1155 3350 1241 3410 sitne
1263 3363 1351 3409 accur

146 3461 207 3505 vus
230 3447 311 3519 sing.
336 3461 377 3505 an
401 3447 505 3504 neutr.
529 3445 609 3518 plur.
635 3446 808 3508 dubitatur.

189 3543 314 3624 ἄκμητοι
336 3547 398 3620 leg.
423 3542 549 3624 ίίκμητες
573 3548 603 3606 11.
629 3549 687 3621 Ap.
714 3550 787 3610 620.
813 3551 1007 3611 Emendavit
1032 3551 1139 3612 Cobet.

189 3647 267 3726 ἴχνια
291 3649 353 3722 leg.
380 3647 475 3725 ’ἴχνεα
500 3649 533 3705 Ν
556 3649 594 3707 71
623 3651 683 3709 31.

189 3749 356 3829 χρυσάορον
389 3751 414 3808 0
438 3751 512 3825 256,
543 3749 710 3828 χρυσαόρου
736 3754 763 3809 Ε
788 3754 851 3812 509
877 3755 906 3814 h.
932 3756 991 3829 Ap.
1019 3755 1091 3827 123,
1121 3755 1176 3813 ubi
1207 3754 1351 3834 χρυσάορτ

148 3935 217 3940 —-.
222 3935 367 3942 ...-

178 4037 197 4102 ¹)
216 4041 280 4087 Item
298 4040 366 4099 apud
384 4041 550 4098 Herodotum,
568 4043 613 4100 qni
629 4044 748 4091 adiectivi
767 4046 874 4093 formam
892 4049 994 4094 unicam
1012 4048 1084 4094 novit
1101 4050 1191 4102 πολλός.

178 4115 197 4179 ²)
215 4121 253 4166 Ex
279 4121 391 4166 Hesiodo
417 4122 526 4167 addatur
554 4127 660 4182 Πολοκόρ
687 4125 783 4184 Theog.
811 4127 867 4172 353.
895 4128 969 4186 Apud
995 4128 1165 4175 Athenienses
1188 4141 1265 4175 voees
1287 4134 1351 4176 nont

144 4197 300 4260 (Plrereerat.
320 4201 350 4246 ir.
370 4202 400 4245 13
418 4200 547 4259 Arietoph.
566 4202 596 4248 ir.
616 4199 676 4264 235)
698 4208 724 4249 et
746 4210 880 4251 Πουλυτίιον
902 4203 1059 4266 (Pherecrat.
1079 4202 1122 4271 58)
1144 4212 1249 4255 servent
1269 4209 1351 4269 produ

144 4293 203 4325 nem
225 4294 303 4338 quarn
318 4281 419 4340 peperit
437 4284 546 4327 metrum
565 4282 728 4343 dactylicum,
746 4285 807 4331 item
823 4277 942 4340 ἀθάνατος
961 4291 987 4333 et
1004 4288 1100 4335 Εἰνοδία
1118 4288 1187 4348 apud
1205 4291 1298 4348 poetae
1315 4290 1351 4337 At

146 4362 251 4421 Ιίἰάροκος
270 4360 357 4418 Epigr.
381 4360 552 4416 Kaibe1515;
576 4364 608 4408 ei.
628 4377 706 4423 eupra
724 4379 781 4424 ρος.
800 4368 830 4412 95
854 4370 880 4413 ο1
895 4370 976 4427 1151.
995 4369 1079 4415 Etiam
1098 4369 1207 4415 festivus
1223 4369 1351 4428 Vergilii·

144 4440 194 4485 huc
219 4440 288 4498 iacit,
315 4441 358 4498 qui
383 4454 413 4486 ex
438 4442 541 4487 Homeri
562 4443 647 4489 verbis
670 4447 703 4489 ele
728 4448 828 4508 Ἀρίμοις
848 4451 867 4492 Β
886 4449 933 4494 733
958 4449 1058 4495 effinxit
1081 4449 1175 4495 durum
1200 4449 1351 4509 Typhoeior

144 4517 252 4564 Inarime
269 4520 330 4565 Aen.
349 4520 384 4564 IX
404 4521 459 4565 716.
