3120 5124
749 413 814 475 aee
1303 409 1334 488 [e
1356 413 1407 472 ero

191 597 389 676 Quapropter
417 602 522 661 multo
552 601 741 676 pmdentius
771 601 837 674 egit
867 601 954 677 Fici,
979 601 1132 674 quicum
1156 614 1303 674 eaquae
1326 599 1409 660 modo

146 705 370 778 reputavimus
400 705 481 764 bene
511 703 740 779 perspexisset,
771 703 819 762 sic
842 703 974 763 statuit:
1004 723 1055 762 κεν
1078 701 1249 763 Aeolicum
1273 717 1357 776 esse,
1381 697 1411 759 ἄν

145 807 310 881 Ionicum;
341 807 374 866 in
397 806 635 879 antiquissimis
657 805 756 878 igitur
778 805 923 879 partibus
946 805 1056 865 Iliadis
1080 807 1114 866 et
1137 804 1316 880 Odysseae,
1339 818 1411 877 quae

141 910 273 995 Aeolica
303 909 439 969 dialecto
469 907 590 968 fuerint
619 908 826 983 compositae,
859 922 962 967 uuum
988 927 1040 965 κεν
1063 906 1307 968 admittendum
1330 920 1411 979 esse;

141 1012 198 1071 sed
221 1007 259 1069 dv
283 1026 356 1071 esse
378 1011 545 1070 invectum
568 1024 588 1069 a
610 1009 715 1083 poetis
738 1009 793 1082 qui
816 1009 1012 1069 recentiores
1034 1011 1144 1083 partes
1168 1009 1412 1082 composuerunt

141 1117 175 1175 et
201 1128 276 1173 cum
303 1112 537 1185 antiquioribus
560 1111 839 1186 conglutinamnt;
863 1112 922 1170 hos
946 1111 1034 1171 euim
1058 1110 1413 1186 Ionesiirisse31taque

141 1217 174 1276 iu
197 1215 342 1290 partibus
362 1213 592 1275 recentioribus
612 1209 649 1269 ἄν
669 1212 835 1273 sollicitari
856 1227 959 1286 neque
979 1212 1094 1273 debere
1113 1227 1220 1286 neque
1241 1226 1339 1286 posse
1362 1208 1391 1280 ¹).

186 1317 380 1377 Prudentius
413 1317 498 1374 hunc
530 1314 636 1374 virum
671 1315 802 1375 doctum
833 1314 939 1386 egisse
970 1314 1042 1374 ideo
1073 1313 1151 1385 dixi,
1185 1314 1264 1387 quia
1287 1328 1414 1374 causan

142 1419 306 1494 proposuit
337 1418 377 1477 ab
408 1418 477 1477 arte
500 1416 626 1490 poetica
658 1431 720 1476 non
746 1416 982 1492 abhorrentem,
1007 1430 1141 1475 causam
1166 1430 1231 1476 non
1254 1414 1415 1488 indignam

142 1519 317 1593 ingeniosis
341 1517 525 1578 cantoribus
548 1516 663 1589 quibus
684 1517 831 1576 nostram
849 1516 986 1577 Iliadem
1007 1519 1218 1590 nostramque
1239 1516 1415 1590 Odyssean

143 1622 315 1694 debemus;
347 1633 481 1679 causam
512 1618 610 1690 igitur
639 1633 732 1693 quae,
765 1632 821 1692 per
851 1632 887 1678 se
918 1619 1075 1693 spectata,
1108 1633 1186 1679 vera
1210 1633 1285 1679 esse
1308 1618 1414 1693 possit

143 1722 262 1782 Veram
296 1722 408 1780 tamen
438 1735 510 1780 esse
540 1734 631 1792 nego.
664 1720 793 1780 Scilicet
823 1740 875 1778 κεν
905 1734 969 1779 non
1000 1719 1107 1779 solum
1137 1719 1171 1778 in
1202 1719 1246 1780 iis
1275 1720 1416 1794 partibus

142 1823 253 1883 Iliadis
283 1825 317 1882 et
344 1821 508 1894 Odysseae
530 1820 688 1894 reperitur
711 1835 793 1893 quae
817 1821 935 1881 ceteris
958 1820 1155 1893 antiquiores
1180 1821 1240 1880 aut
1263 1823 1344 1881 sunt
1365 1821 1417 1881 aut

144 1925 326 1998 censentur,
351 1923 407 1982 sed
431 1938 487 1996 per
509 1923 616 1981 totum
639 1936 753 1996 corpus
778 1921 989 1982 Homericum
1012 1922 1107 1996 plana
1129 1923 1256 1997 regnat,
1281 1924 1318 1983 et
1339 1937 1379 1983 ne
1399 1936 1416 1981 a

144 2025 379 2086 recentissimis
406 2024 537 2097 quidem
560 2024 651 2084 libris
675 2024 796 2084 exulat.
820 2025 990 2099 Reperitur
1013 2025 1047 2084 in
1069 2024 1218 2085 Nestoris
1241 2025 1415 2086 narratiun-

144 2126 225 2186 culis
260 2125 395 2201 prolixis
430 2126 527 2196 atque
563 2125 728 2199 molestis,
761 2125 879 2199 legirur
908 2126 942 2186 in
974 2125 1060 2200 turpi
1090 2125 1147 2186 illa
1178 2125 1340 2208 θεομαχίᾳ,
1368 2125 1417 2186 ubi

143 2227 284 2301 Olympii
319 2226 435 2300 pugnis
471 2228 503 2285 et
537 2226 650 2298 iurgiis
685 2241 720 2286 se
751 2227 977 2302 proscindunt;
1010 2240 1074 2286 non
1105 2226 1198 2286 abest
1230 2242 1251 2288 a
1281 2227 1417 2288 Dolonea

143 2342 246 2400 neque
269 2327 309 2386 ab
333 2327 449 2387 ultimo
472 2326 552 2386 libro
576 2326 749 2402 Odysseae,
773 2327 863 2387 nulla
886 2329 1023 2402 denique
1046 2327 1079 2386 in
1099 2328 1260 2403 particula
1279 2329 1417 2404 ingentis

142 2428 248 2502 operis
269 2428 391 2487 frustra
414 2428 580 2500 quaeritur
599 2430 638 2502 ²);
663 2427 756 2500 longe
779 2428 973 2489 feracissimi
992 2431 1103 2489 autem
1124 2429 1222 2489 huius
1243 2430 1417 2503 particulae

143 2530 220 2589 suut
243 2529 315 2588 libri
338 2528 449 2588 iliadis
470 2529 489 2585 Ι
505 2530 539 2587 et
558 2527 599 2603 Ω,
617 2542 698 2601 quos
714 2528 799 2589 inter
819 2530 1015 2591 recentiores
1035 2530 1189 2591 carminis
1209 2532 1294 2606 epici
1314 2533 1419 2607 pertas

144 2646 216 2691 esse
238 2630 451 2691 recensendos
474 2630 557 2689 satis
580 2631 708 2689 constat
727 2630 831 2691 hodie.
852 2631 962 2704 Neque
983 2646 1059 2691 vero
1078 2651 1129 2690 κεν
1148 2632 1182 2691 in
1203 2632 1246 2692 iis
1265 2634 1418 2707 partibus,

144 2746 225 2803 quas
256 2731 502 2804 antiquissimas
528 2745 601 2789 esse
624 2743 738 2790 omnes
762 2731 951 2808 concedunt,
975 2733 1032 2791 aut
1055 2747 1158 2792 unum
1181 2733 1344 2807 reperttur
1366 2735 1420 2794 aut

144 2830 230 2891 facili
260 2832 387 2906 negotio
418 2845 547 2904 semper
575 2832 682 2904 potest
706 2832 867 2907 revocari;
892 2833 949 2893 sed
970 2847 1027 2907 per
1049 2833 1119 2908 has,
1143 2834 1181 2893 ut
1203 2849 1262 2908 per
1285 2837 1419 2907 ceteras,

143 2933 354 3005 aequabiliter
385 2932 520 3006 dispersi
552 2933 629 2990 sunt
660 2946 775 2991 versus
805 2933 922 3005 quibus
954 2929 992 2991 riv
1023 2934 1070 2994 ita
1100 2933 1270 2995 inhaereat
1302 2936 1417 2996 utrix

144 3032 240 3093 evelli
273 3047 368 3106 posse
403 3031 560 3092 videatur.
595 3031 753 3107 exemplo
788 3034 832 3094 sit
862 3035 988 3108 primus
1018 3034 1129 3095 Iliadis
1161 3034 1254 3111 liber,
1287 3037 1321 3097 iu
1360 3052 1419 3111 quo

143 3134 283 3207 legimus
313 3129 352 3210 ἢν
383 3152 452 3191 ποτε
484 3130 595 3210 δασμὸς
627 3132 724 3210 ἵκηται
755 3140 815 3206 (vs,
844 3138 927 3211 166),
951 3128 1009 3213 τάχ’
1034 3133 1073 3195 ἄν
1095 3155 1166 3196 ποτε
1188 3133 1294 3213 θυμὸν
1317 3132 1419 3218 ὀλέσσῃ

143 3237 203 3305 (vs.
239 3234 324 3309 205),
359 3227 395 3292 ὅτ’
433 3230 471 3292 ἄν
502 3228 527 3310 μ’
562 3230 684 3318 ἐρέθῃσι
714 3240 774 3307 (vs.
809 3237 894 3312 519),
921 3268 961 3280 -
985 3237 1094 3310 qualia
1125 3237 1197 3298 siue
1230 3237 1419 3299 violentiora

176 3463 195 3528 ¹)
214 3467 314 3514 Sensim
340 3465 372 3511 ad
398 3465 464 3512 hauc
488 3467 635 3525 optnionem
661 3467 778 3525 pervenit
803 3467 842 3513 vir
864 3467 968 3524 doctus;
992 3481 1051 3514 nem
1081 3481 1139 3515 cum
1164 3468 1309 3528 Odyssean
1333 3469 1421 3517 ederet

143 3547 218 3592 aliter
242 3544 383 3591 Iudicabat:
411 3543 468 3600 „die
495 3544 657 3592 homertsche
682 3545 844 3604 verqudung
869 3547 898 3593 dv
920 3547 1111 3607 xc...beaeu3t
1133 3547 1195 3595 dm
1212 3548 1260 3596 der
1277 3548 1421 3610 sltepisehe

145 3624 255 3680 ,dialect
279 3623 354 3670 beide
380 3623 472 3670 uerter
495 3625 579 3672 ueben
603 3626 726 3673 einander
749 3627 855 3674 besass”
881 3626 981 3686 (Odyss.
1006 3641 1031 3687 p.
1050 3629 1104 3687 20);
1123 3628 1181 3684 „dis
1200 3628 1291 3676 Aeolis
1308 3642 1355 3677 zur
1371 3629 1422 3677 neit

145 3704 269 3760 ,Homers
294 3702 362 3747 kann
385 3702 445 3748 sehr
469 3703 535 3749 wohl
562 3704 628 3750 noch
655 3706 701 3752 wie
721 3706 817 3752 Homer
843 3723 869 3752 κο
892 3705 945 3752 und
963 3705 1035 3752 lle...
1053 3705 1136 3753 neben
1157 3706 1282 3755 etnsnder
1299 3707 1421 3756 besenes

146 3781 261 3838 „haben”
280 3780 350 3839 (ibid.
368 3794 394 3840 p.
412 3783 462 3840 80).
480 3781 569 3841 Neque
588 3783 621 3830 de
639 3783 774 3831 abiciendo
792 3784 821 3831 dv
839 3785 966 3844 cogitasse
983 3785 1085 3832 videtur
1102 3786 1254 3846 priusquam
1269 3787 1421 3835 altentare

145 3873 204 3920 pers
228 3859 318 3906 Iliadis
345 3862 414 3920 typis
441 3864 510 3908 esset
537 3863 689 3922 perscripta.
716 3865 746 3909 In
771 3863 962 3923 Prolegomeuis
986 3863 1099 3924 demum,
1121 3878 1188 3923 quse
1208 3866 1317 3913 editioni
1335 3865 1422 3913 nisus

144 3941 274 4000 perlectae
301 3939 403 3996 adiecit,
429 3940 573 3987 luculenter
600 3940 632 3987 de
659 3941 708 3988 hac
730 3944 882 4001 quaestione
904 3943 1027 3991 disseruit
1049 3958 1074 4004 p.
1096 3956 1237 3991 mama.
1262 3945 1336 4001 Quae
1353 3944 1420 3992 edite

144 4022 205 4066 sunt
230 4031 289 4064 eum
312 4018 512 4077 disputationem
529 4031 614 4065 meam
641 4018 674 4065 ad
697 4019 774 4067 linem
797 4021 984 4082 perduxissem,
1010 4024 1037 4068 et
1060 4035 1111 4068 non
1133 4023 1189 4069 siue
1204 4022 1303 4082 gaudie
1321 4023 1373 4070 vidi
1389 4022 1420 4069 de

144 4098 283 4145 multorum
302 4110 422 4145 versuum
440 4098 596 4145 correctione
614 4098 677 4145 mihi
696 4099 832 4147 convenire
850 4113 909 4147 cum
927 4101 981 4147 viro
999 4101 1093 4160 sagaci,
1112 4102 1187 4148 cuius
1201 4101 1312 4150 audacis
1329 4102 1421 4150 studiis

144 4177 288 4224 HomerIots
305 4178 418 4225 multum
434 4177 532 4237 prolult
549 4181 627 4237 etque
645 4181 675 4224 ut
693 4191 770 4238 spero
788 4179 917 4239 proderit;
933 4192 994 4226 narn

524 4258 548 4303 Is
566 4257 646 4304 καινὸν
662 4261 795 4321 δγχοίρημα,
816 4258 859 4306 κᾶν
876 4259 991 4322 τολμηρὸν
1011 4254 1031 4322 ᾖ,

527 4341 617 4383 πολλῶν
634 4341 739 4383 παλαιῶν
757 4341 806 4384 lon
822 4342 1003 4401 χρησιμώτορω.

178 4411 197 4470 ⁸)
215 4413 280 4460 Nam
306 4412 374 4472 quod
399 4415 426 4459 iu
455 4414 578 4474 Ostalogo
603 4415 708 4461 navIum
733 4430 784 4464 non
810 4416 923 4463 occurrit
946 4434 978 4471 xc,
1003 4416 1029 4463 ld
1053 4430 1104 4464 nou
1127 4429 1185 4464 esse
1200 4419 1315 4466 recentis
1332 4415 1420 4465 acutis

146 4491 268 4538 indicium
295 4492 379 4550 quiris
403 4493 544 4552 intellegit;
569 4493 750 4553 hypotheticae
776 4495 877 4542 scilieet
899 4494 1040 4554 particulae
1066 4496 1093 4541 in
1118 4495 1247 4544 eiusmodi
1271 4496 1418 4546 mensione

146 4568 234 4614 nullus
251 4572 292 4615 est
309 4569 389 4616 loeus.
