3120 5124
799 414 862 473 422
1347 413 1376 483 [S
1399 415 1445 473 191

189 603 329 675 tractae,
366 602 404 662 de
428 602 554 675 -quibus
591 605 626 662 ut
659 604 746 662 recte
782 603 921 662 iudicare
956 603 1131 676 possimus,
1169 603 1323 675 perpetuo
1355 603 1447 661 mente

189 704 362 764 tenendum
397 706 447 763 est
477 705 507 763 id
540 705 624 777 quod
655 705 693 763 de
725 703 905 763 Aristarchi
935 703 968 762 in
1003 704 1149 763 versibus
1173 703 1293 776 spuriis
1316 703 1447 762 notandis
1542 742 1550 753 .

190 805 273 865 felici
305 807 438 865 audacia
471 806 600 880 scripsit
624 806 724 865 Lehrs
749 805 941 865 Aristarch.²
973 819 1001 878 p.
1028 805 1107 865 348:
1138 803 1272 878 ,eadem
1305 804 1368 878 via,
1399 819 1446 876 qua
1541 826 1550 850 -·

188 909 319 967 centum
349 906 423 966 falsi
451 922 564 967 versus
595 908 802 982 irrepserunt,
836 908 1008 966 sexcentos
1037 908 1176 980 irrepere
1200 905 1356 980 potuisse,
1379 908 1410 965 et
1427 905 1448 964 si

188 1011 269 1070 ratio
301 1012 452 1071 suaderet
484 1011 611 1084 spurios
642 1011 792 1085 iudicare,
826 1024 888 1068 non
912 1023 1006 1083 posse
1029 1007 1158 1068 obstare
1185 1007 1270 1080 quod
1296 1008 1327 1067 in
1352 1007 1453 1066 multis
1545 1016 1550 1041 ·-

188 1113 370 1172 suaderet.’'
399 1113 459 1171 Pro
490 1112 656 1185 ,versibus
679 1113 818 1186 spuriis”
843 1112 914 1184 lege
943 1109 1134 1184 ,verborum
1159 1109 1283 1168 formas
1310 1108 1456 1168 vitiosas*
1539 1134 1550 1195 j

188 1215 222 1272 et
251 1212 350 1273 habes
382 1213 640 1273 observationem
673 1230 746 1274 cum
772 1213 1056 1287 prudentissimam
1083 1213 1155 1271 tum
1179 1202 1272 1270 nobis
1297 1225 1380 1269 nunc
1404 1209 1464 1268 uti·
1543 1214 1549 1219 “

188 1313 359 1373 lissimam.
391 1315 436 1374 lis
466 1318 575 1375 autem
608 1316 793 1375 hominibus
823 1315 877 1388 qui
908 1313 1029 1384 σπείους
1061 1328 1116 1386 pro
1141 1308 1254 1387 σπέεος,
1278 1319 1384 1387 κρειῶν
1406 1324 1472 1385 pro

187 1416 311 1491 κρεάων,
345 1417 421 1488 quin
452 1417 554 1476 immo
590 1420 693 1477 metro
730 1418 928 1492 repugnante
963 1412 1017 1486 ἕως
1048 1430 1104 1489 pro
1136 1403 1190 1489 ἧος
1223 1414 1280 1472 aut
1311 1413 1479 1471 invehete

187 1519 360 1589 potuerunt
383 1519 440 1576 aut
461 1518 607 1591 tolerare,
632 1519 686 1591 qui
709 1515 802 1594 ἤικτο,
821 1515 961 1595 lappelee,
984 1513 1154 1591 ἀδελφειοῦ,
1174 1504 1289 1573 Αἰόλου
1308 1511 1486 1574 dederunt

188 1633 243 1692 pro
267 1615 413 1693 ifr'fraro,
435 1616 578 1696 ἒυρρεέος,
600 1616 755 1691 adelardo,
778 1616 899 1691 Αἰόλου,
918 1619 952 1677 et
976 1613 1094 1693 ἀκληεῖς
1117 1613 1241 1687 ἀκλειῶς
1266 1616 1490 1689 scripserunt
1548 1646 1550 1665 =

188 1735 243 1793 pro
267 1716 379 1790 ἀκλεέες
405 1716 538 1791 dalaias,
560 1721 600 1779 ils
625 1721 703 1780 nihil
729 1736 792 1780 non
817 1721 985 1781 ferendum
1008 1719 1119 1779 debuit
1143 1719 1254 1779 videri.

232 1821 314 1879 Dum
347 1822 578 1896 rhapsodorum
606 1837 661 1882 ore
690 1822 950 1896 propagabantur
980 1821 1126 1881 carmina
1155 1821 1255 1896 epica,
1284 1820 1369 1880 inter
1391 1832 1493 1879 cau·

187 1924 322 1982 tandum
353 1923 464 1982 formis
496 1923 688 1997 Homerica,
721 1925 752 1984 id
785 1926 836 1982 est
860 1924 990 1997 aperus,
1015 1922 1139 1997 passim
1166 1921 1365 1981 substitutae
1386 1922 1494 1979 sunt

188 2025 310 2085 formae
354 2027 547 2099 contractae,
592 2026 708 2099 quibus
750 2026 939 2085 recentioris
981 2023 1100 2083 aetatis
1136 2023 1287 2083 homines
1320 2037 1395 2082 cum
1469 2021 1491 2077 in

187 2128 277 2187 Ionia
301 2121 326 2206 ¹)
349 2129 420 2186 tum
446 2128 479 2187 in
504 2128 614 2187 Attica
638 2127 820 2187 utebantur.
845 2127 915 2186 Non
941 2125 1087 2186 consulto
1112 2125 1143 2185 id
1169 2124 1292 2185 factum
1317 2127 1489 2199 estnon

187 2229 322 2303 ratione,
356 2243 459 2300 neque
492 2228 531 2287 ab
565 2244 627 2288 uno
660 2228 766 2300 aliquo
798 2228 928 2287 homine
958 2226 1008 2286 vel
1032 2228 1118 2286 certo
1142 2226 1283 2298 quodam
1308 2223 1487 2299 temporis
1548 2272 1550 2289 ,

186 2332 320 2402 puncto,
346 2330 401 2389 sed
427 2331 549 2390 sensim
575 2330 783 2403 irrepserunt,
813 2330 942 2388 nemine
967 2327 1167 2403 advertente,
1192 2343 1252 2388 nec
1272 2326 1342 2387 fieri
1362 2324 1485 2401 potuit
1548 2318 1550 2361 ;

186 2431 263 2503 quin
294 2432 479 2505 irreperent.
513 2431 600 2505 Quae
632 2431 707 2490 licet
737 2430 908 2504 permultis
932 2430 1010 2489 locis
1036 2431 1177 2488 metrum
1208 2428 1479 2504 corrumperent,
1538 2442 1550 2461 ··

185 2536 382 2592 nontamen
406 2534 452 2592 ita
476 2533 617 2592 multum
642 2532 831 2591 videbantur
856 2546 986 2604 nocere;
1011 2546 1088 2590 voce
1113 2530 1201 2590 enim
1225 2531 1382 2605 canentis,
1415 2523 1480 2585 ad·

184 2635 315 2694 iuvante
348 2635 486 2694 fortasse
517 2634 650 2708 cithara,
683 2633 811 2693 vocales
838 2647 879 2691 ex
903 2633 1122 2692 contractione
1147 2635 1244 2691 natae
1267 2632 1354 2692 ultra
1377 2629 1478 2690 fines

186 2737 281 2796 unius
304 2736 447 2809 syllabae
471 2737 613 2809 protrahi
636 2736 784 2808 poterant
807 2736 835 2792 si
857 2734 1078 2793 necessarium
1098 2733 1130 2792 id
1151 2735 1249 2808 esset,
1269 2734 1316 2794 ita
1336 2736 1373 2792 ut
1391 2735 1482 2791 tres

186 2839 236 2898 vel
256 2840 356 2897 etiam
377 2841 514 2910 quatuor
534 2853 642 2898 moras
663 2840 823 2909 utcunque
844 2835 1011 2910 explerent
1031 2839 1064 2894 et
1085 2835 1277 2895 hexametro
1297 2836 1348 2895 sui
1365 2828 1488 2908 pedes

185 2944 333 3000 constare
362 2941 556 3000 viderentur.

231 3041 419 3101 contractae
450 3041 510 3100 hae
541 3041 663 3101 formae
695 3041 728 3100 in
760 3041 853 3099 textu
880 3039 1051 3099 Homerico
1075 3040 1189 3112 postea
1212 3025 1498 3111 permanserimt

186 3144 240 3202 ubi
269 3142 359 3202 salvo
387 3144 491 3201 metro
524 3142 652 3201 tolerari
685 3143 842 3215 poterant,
875 3140 1005 3200 etiamsi
1028 3139 1155 3200 numeri
1178 3140 1252 3213 post
1275 3129 1500 3201 contractio·

187 3259 261 3303 nem
286 3243 429 3303 duriores
452 3242 613 3316 ligneique
634 3244 745 3302 essent
766 3242 852 3301 facti.
878 3240 994 3314 Quales
1013 3245 1090 3299 sunt
1108 3240 1303 3316 hexametri,
1324 3235 1506 3314 quorum

187 3347 301 3421 pedem
325 3347 477 3417 quartum
502 3345 623 3404 claudit
648 3344 841 3403 vocabulum
864 3344 897 3402 in
920 3342 1096 3416 spondeum
1124 3343 1247 3416 exiero,
1274 3357 1300 3402 e.
1325 3356 1356 3415 g.
1381 3320 1509 3413 r’cpffl'·

187 3469 244 3505 των
279 3446 449 3522 κατεκόσμει
482 3463 537 3520 pro
573 3445 713 3519 ἐφοίτεον
745 3441 925 3518 κατεκόσμεε.
961 3442 1030 3503 vid.
1062 3440 1081 3515 ‚S
1114 3444 1132 3501 3
1167 3458 1238 3516 pag.
1275 3446 1323 3519 lo,
1361 3435 1514 3504 Canes

187 3550 285 3623 praei.
315 3549 429 3622 Odyss.
454 3563 483 3622 p.
509 3565 568 3607 xxr
593 3563 640 3620 sq.

232 3650 333 3723 Magia
356 3652 456 3710 etiam
480 3653 591 3723 aperta
614 3666 665 3709 res
689 3653 740 3709 est
760 3653 790 3706 Λ
819 3649 903 3709 639;

430 3751 524 3834 ,Ροίνῳ
550 3750 720 3833 Πραμνείῳ,
743 3747 788 3807 ἐπὶ
814 3744 844 3807 δ’
872 3748 983 3827 αἴγειον
1002 3743 1088 3824 ’κνῆ
1116 3746 1217 3825 τυρόν,

189 3854 300 3929 immo,
331 3855 414 3926 quod
445 3854 652 3913 Aristarchus
683 3852 893 3926 praeferebat,
925 3845 1033 3927 ’κνέε,
1064 3850 1116 3910 vel
1149 3852 1256 3925 potius
1284 3845 1406 3922 'aroris⁹
1466 3837 1522 3890 ¹¹⁹

189 3955 220 4013 in
245 3954 441 4027 disyllabum
464 3957 614 4014 excurrat
638 3969 752 4013 versus
774 3955 985 4028 spondiacus;
1012 3953 1074 4013 vid.
1102 3952 1121 4028 ξ
1146 3954 1165 4012 2
1189 3968 1260 4028 pag.
1287 3955 1315 4015 7.

234 4056 377 4115 Tertium
404 4056 473 4114 vitii
487 4056 611 4115 metrici
633 4056 821 4129 exemplum
842 4056 971 4116 Christii
991 4056 1096 4115 verbis
1118 4048 1313 4136 (Prolegom.
1335 4071 1366 4131 p.
1382 4058 1401 4113 l
1417 4041 1469 4104 2
1490 4021 1520 4098 Ῑ)

189 4157 329 4216 indicare
353 4158 460 4216 iuvat:
478 4157 578 4232 ,alter
597 4172 654 4230 pes
679 4158 819 4231 spondeo
839 4157 993 4232 impletus
1012 4172 1115 4229 neque
1136 4157 1244 4217 media
1263 4159 1353 4231 parte
1366 4143 1517 4215 iutef'

189 4261 275 4319 cisus
307 4260 452 4346 delicatis
483 4260 614 4318 auribus
646 4274 812 4332 nunquam
844 4274 905 4318 non
940 4259 1050 4318 minua
1080 4257 1259 4332 placebat.”
1292 4257 1336 4318 Cf.
1364 4243 1515 4320 supra

224 4501 243 4566 ¹)
266 4505 366 4550 lonicae
390 4506 493 4551 fuerunt
517 4506 613 4550 formae
639 4509 750 4563 aurrulpr,
782 4509 903 4556 ontrario,
931 4518 1031 4563 noratur.
1063 4517 1133 4563 norm.
1159 4482 1244 4566 opxovr
1273 4507 1321 4550 otc.
1346 4486 1498 4548 mabar

189 4583 324 4641 lapidibus.
