3120 5124
748 436 819 482 XVII

143 611 228 669 serio
262 611 405 671 carmine
428 611 582 673 celebrari
606 612 757 688 solerent,
783 613 890 686 quivis
913 614 1031 673 sentit:
1056 616 1127 674 tum
1152 615 1283 675 demum
1308 616 1416 676 ortum

142 714 194 770 est
217 727 292 771 curn
316 716 468 785 poemata
491 714 619 774 heroica
642 714 736 788 longo
764 730 825 773 usu
849 715 953 775 doctis
975 715 1175 789 indoctisque
1199 718 1417 778 innotuissent

143 813 176 870 et
200 813 373 873 decantata
397 815 464 874 fere
489 816 681 875 viderentur.
705 815 823 889 Pigreti
845 816 1085 877 Halicarnassio
1106 810 1141 873 11
1161 816 1283 878 saeculi
1302 821 1415 892 poetae

142 914 291 973 tribuunt
325 915 440 975 Suidas
469 915 488 984 ¹)
525 919 558 975 et
593 917 785 976 Plutarchus
814 917 845 992 ²),
886 917 1106 978 Alexandrina
1142 920 1274 979 demum
1308 921 1416 979 aetate

143 1016 361 1089 compositum
396 1032 468 1077 esse
503 1019 687 1092 suspicatus
722 1021 773 1077 est
812 1033 872 1077 van
909 1018 1103 1079 Herwerden
1139 1020 1294 1081 Mnemos.
1330 1021 1414 1080 1882

145 1133 177 1191 p.
205 1120 266 1177 163
291 1133 359 1191 sqq.

188 1219 262 1278 Alia
293 1221 436 1279 carmina
468 1221 622 1280 nonnulla
652 1222 761 1294 exigui
791 1221 933 1280 ambitus
966 1221 1106 1282 Homero
1138 1224 1414 1298 adscribebantur,

142 1337 227 1393 quae
259 1337 361 1394 neque
384 1324 567 1396 argumenti
590 1324 749 1396 gravitate
777 1324 966 1383 dictionisve
990 1324 1151 1397 elegantia
1177 1326 1255 1383 sunt
1277 1324 1416 1396 insignia

142 1439 247 1496 neque
282 1426 457 1485 admodum
491 1427 622 1485 vetusta
657 1440 730 1485 esse
765 1426 923 1484 videntur.
964 1425 1106 1498 Denique
1141 1426 1246 1486 eidem
1281 1441 1415 1500 poeseos

141 1526 254 1598 generi
276 1528 475 1586 accensenda
498 1528 575 1586 sunt
600 1527 744 1586 carmina
765 1528 942 1601 Hesiodea;
968 1542 1045 1586 nam
1067 1529 1120 1585 vix
1141 1526 1239 1585 ullius
1260 1526 1417 1586 momenti

139 1629 193 1685 est
225 1627 408 1701 discrimen,
442 1629 527 1700 quod
561 1628 656 1707 multi
689 1630 875 1687 statuerunt
907 1628 991 1686 inter
1013 1628 1138 1701 epicam
1163 1627 1295 1686 Homeri
1319 1631 1352 1686 et
1375 1628 1416 1686 di·

142 1728 305 1787 dacticum
341 1714 472 1789 Hesiodi
505 1731 639 1805 poesim,
676 1745 735 1790 nec
766 1730 828 1789 nisi
859 1731 897 1789 de
930 1729 1113 1802 Theogonis
1143 1730 1239 1800 atque
1263 1728 1418 1802 Operibus

140 1831 204 1888 hoc
236 1845 354 1889 nomen
386 1833 534 1905 usurpari
566 1833 690 1906 potest;
724 1833 831 1891 cetera
865 1833 976 1891 autem
1005 1830 1149 1890 earmina
1172 1845 1254 1902 quae
1278 1830 1418 1889 Hesiodo

143 1931 376 2006 attribuuntur,
399 1932 547 1992 Herculis
567 1932 637 1992 dico
658 1932 813 2006 Clypeum
835 1935 868 1992 et
889 1947 985 2005 opera
1005 1931 1178 2005 deperdita,
1203 1931 1331 1990 heroica
1342 1931 1419 1989 sunt

146 2048 241 2092 mera
264 2034 351 2092 etin
376 2034 577 2106 argumentis
600 2034 693 2093 iliadi
717 2035 813 2107 atque
838 2033 1002 2106 Odysseae
1026 2030 1177 2090 affinibus
1203 2033 1382 2090 versantur.

193 2133 256 2192 Sed
288 2133 447 2193 Hesiodea
471 2135 616 2195 carmina
639 2150 723 2195 nune
747 2136 920 2195 mittamus
943 2135 1078 2207 oportet,
1103 2147 1206 2205 neque
1230 2133 1262 2191 11
1286 2132 1419 2192 Homeri

148 2250 208 2308 epe
253 2235 416 2307 deperdita
458 2236 669 2311 inquiremus
712 2237 860 2309 Hymnos
903 2237 1014 2295 autem
1049 2234 1177 2294 nonnisi
1210 2233 1243 2293 in
1279 2233 1419 2292 transitu

147 2336 380 2411 spectabimus,
405 2337 483 2397 solis
507 2338 598 2397 lliadi
621 2340 654 2398 et
677 2337 841 2412 Odysseae
863 2336 1119 2397 immorabimur.

194 2438 305 2497 Unum
330 2439 530 2512 eundemque
557 2443 675 2514 vatem,
700 2441 751 2501 cui
775 2440 936 2500 Homerus
961 2453 1078 2499 nomen
1098 2437 1224 2510 fuisset,
1245 2437 1419 2507 utrumque

148 2557 231 2615 opus
264 2541 444 2602 condidisse
475 2543 507 2601 et
537 2543 577 2602 ad
608 2541 707 2602 111011
730 2543 919 2617 perduxisse
941 2540 1099 2615 putabant
1122 2537 1244 2612 Graeci,
1269 2539 1355 2596 certe
1379 2536 1418 2595 ab

148 2641 205 2701 1110
229 2642 304 2701 inde
327 2646 471 2715 tempore
495 2643 534 2703 de
557 2659 620 2716 quo
643 2644 817 2703 resciscere
838 2642 957 2715 aliquid
977 2653 1161 2715 possumus.
1183 2639 1256 2707 Χῖος
1276 2633 1352 2712 ἀνὴρ
1369 2636 1419 2695 hic

149 2746 246 2817 poeta
271 2745 405 2804 vocatus
435 2748 486 2805 est
516 2761 535 2805 a
559 2747 721 2806 Simonide
746 2745 807 2805 Ceo
830 2746 867 2804 ir.
894 2746 946 2818 81,
971 2743 1024 2802 alii
1049 2740 1177 2800 aliunde
1201 2752 1276 2798 eum
1300 2742 1418 2811 repete·

149 2846 230 2904 bant
253 2846 355 2917 deque
378 2847 448 2905 eius
471 2848 548 2906 fatis
572 2847 661 2907 varia
684 2847 857 2906 narrabant
876 2850 907 2919 ³),
933 2845 1083 2904 civitates
1107 2842 1215 2900 autern
1238 2838 1420 2911 complures

150 2963 227 3007 eum
259 2947 321 3006 sibi
354 2949 567 3023 vindicabant,
600 2947 756 3020 equibus
784 2949 909 3020 septem
933 2960 1008 3020 prae
1032 2942 1148 3003 ceteris
1172 2940 1420 3001 commemorari

150 3052 259 3111 solent
279 3053 310 3119 ⁹).
343 3052 485 3126 Quarum
515 3065 597 3123 quae
627 3051 730 3123 primo
760 3049 829 3108 loco
850 3050 1053 3120 nuncupatur
1076 3042 1265 3118 plemmque
1285 3047 1317 3117 ⁵),
1344 3042 1419 3100 urbs

152 3155 297 3229 ,Smyrna
327 3154 359 3212 in
389 3151 531 3211 Aeolidis
565 3153 599 3211 et
632 3151 740 3210 Ioniae
771 3148 907 3209 confinio
937 3147 1052 3221 posita,
1087 3146 1127 3204 ab
1158 3143 1311 3203 Aeolibus
1341 3144 1419 3203 olim

151 3256 291 3328 condita,
322 3256 434 3328 postea
464 3268 540 3312 vero
570 3251 609 3311 ab
640 3252 771 3310 Ionibus
794 3265 836 3309 ex
859 3249 936 3309 urbe
961 3247 1138 3320 Colophone
1166 3244 1308 3304 oriundis
1331 3260 1418 3304 occu·

150 3360 229 3431 pata
247 3360 280 3431 1),
305 3358 412 3428 spicae
435 3368 569 3428 poeseos
591 3367 691 3412 cunas
714 3351 858 3411 tenuisse
883 3365 947 3409 non
973 3348 1044 3408 sine
1066 3345 1290 3421 probabilitate
1313 3346 1420 3417 aliqua

165 3496 173 3503 ι
176 3495 344 3503 -u—-n———e—

185 3647 205 3706 ²)
224 3647 289 3692 Mor.
306 3646 353 3691 813
355 3642 381 3705 f.

184 3723 204 3784 ⁸)
221 3727 327 3774 Homeri
352 3727 424 3784 vitas,
448 3737 557 3784 quarum
579 3736 646 3782 quas
669 3721 846 3780 antiquissima
865 3722 890 3765 st
913 3717 1049 3778 poematiis
1065 3714 1168 3761 aliunde
1186 3714 1280 3772 ignotis
1298 3716 1420 3760 exornata

152 3812 192 3855 est
209 3807 334 3853 Herodoti
352 3820 444 3852 nomen
462 3806 608 3859 ementitur,
625 3801 729 3860 eollegit
743 3802 917 3848 Wesbermann
934 3799 961 3843 in
975 3795 1177 3855 Biographorum
1195 3793 1306 3840 editions
1315 3805 1339 3851 p.
1352 3793 1419 3838 1-45.

153 3889 273 3936 Omnium
291 3887 367 3946 primi
386 3885 418 3930 de
435 3885 539 3930 Homeri
557 3896 650 3941 genere
667 3881 825 3940 scripserunt
842 3881 982 3941 λογογράφοι
997 3875 1108 3922 sseonlis
1127 3871 1420 3930 11001101110011.,

153 3970 177 4014 in
195 3969 239 4014 his
256 3966 430 4024 Pherecydes;
449 3964 499 4010 vid.
517 3963 684 4022 Seugebusoh
704 3961 806 4007 Dissert.
826 3960 899 4005 Hom.
918 3958 931 4003 1
948 3971 973 4016 p.
993 3956 1039 4002 111
1058 3968 1113 4013 sqq.

184 4047 261 4104 ’111
288 4047 420 4104 Antipatro
446 4040 582 4105 Sidonio(?)
609 4043 634 4087 in
659 4041 739 4100 epigr.
763 4039 795 4084 44
819 4037 982 4083 nominantur
1004 4038 1098 4099 Σμύρνα
1122 4037 1180 4085 Χίος
1205 4034 1316 4091 Κολοφὼν
1331 4030 1421 4088 Ἰθάκη

156 4134 232 4181 Πύλος
255 4128 340 4188 Ἄργος
362 4128 467 4182 Hatera,
494 4123 526 4169 ab
549 4131 675 4179 anonymo
697 4120 723 4165 in
747 4119 826 4178 epigr.
850 4118 898 4162 486
922 4114 1017 4162 Jacobs
1034 4117 1104 4171 Κύμη
1121 4114 1215 4172 Σμύρνα
1233 4113 1292 4162 Χίος
1310 4111 1422 4169 Κολοφὼν

155 4212 231 4260 Πύλος
254 4205 341 4266 Ἄργος
365 4207 470 4262 Ἀθῆναι.
498 4202 546 4247 Pro
571 4198 629 4246 thio
652 4199 695 4245 alii
718 4195 835 4256 Rhodam,
858 4195 901 4240 alii
925 4193 1149 4239 11101101110
1170 4190 1228 4236 Chr.
1247 4187 1350 4234 saeculo
1366 4185 1421 4233 lum

154 4286 264 4332 insulam
283 4282 421 4342 ponebant,
438 4282 482 4328 ubi
498 4280 603 4327 Homeri
621 4278 769 4338 sepulcrum
791 4274 983 4329 ostendebatur,
1000 4274 1025 4318 in
1043 4270 1084 4317 his
1102 4267 1260 4315 Aristoteles.
1278 4266 1421 4312 -01010

154 4379 200 4423 pro
218 4363 313 4410 Archia
333 4364 356 4409 8.
374 4361 438 4407 (loll.
456 4360 496 4406 111
518 4362 556 4406 ll.

186 4440 209 4507 ⁵)
226 4442 337 4489 Saeculo
360 4440 396 4483 1ο
415 4441 581 4497 Smyrnaeum
605 4438 744 4484 Homerum
761 4435 852 4481 habuit
869 4431 1003 4489 Pindarus,
1021 4431 1082 4475 11011
1101 4426 1286 4474 Stesimbrotus
1304 4423 1422 4470 Thasius.

185 4520 205 4580 ⁶)
224 4522 281 4569 Vid.
300 4518 445 4566 Mimnermi
462 4519 492 4564 ir.
513 4519 527 4563 9
547 4515 616 4575 apud
632 4516 783 4563 Strabonem
804 4512 860 4559 XIV
878 4525 902 4570 p.
922 4512 978 4566 6³4,
1002 4507 1095 4555 Herod.
1113 4507 1125 4551 I
1146 4508 1175 4551 16
1194 4508 1220 4551 01
1239 4505 1295 4557 150,
1313 4503 1421 4548 Pausau.

154 4606 234 4651 1115
254 4603 268 4660 s
288 4605 310 4646 1.

1314 4667 1345 4710 ᾖ.
