3120 5124
148 433 167 502 ὃ
190 435 267 508 aad]
763 442 826 502 bd?
923 465 924 469 ¹

147 623 291 683 remedio
311 624 351 683 ad
372 639 521 685 normam
543 627 687 686 revocari
707 628 881 699 nequeunt.
904 627 1024 687 Eadem
1044 627 1142 700 igitur
1162 641 1233 686 sors
1251 627 1314 686 luit
1332 629 1427 702 parti-

147 722 239 784 culae
262 743 315 782 κεν
338 726 436 798 atque
459 726 588 786 litterae
607 727 640 801 i,
663 741 762 799 quam
782 741 857 800 prae
882 728 999 788 ceteris
1022 728 1190 788 Aeolicam
1202 728 1329 801 dicuut;
1351 744 1427 788 narn

148 823 227 884 haec
258 839 386 898 quoque
414 826 447 885 in
471 827 698 887 recentissima
720 841 847 901 quaque
871 828 1043 902 rhapsodia
1066 829 1224 901 reperitur
1246 829 1370 902 passim
1394 831 1428 889 et

145 923 197 984 vel
220 924 254 984 in
278 926 516 999 antiquissimis
539 942 771 1000 nonnunquam
796 928 970 1002 negligitur
993 928 1044 998 (ci.
1069 926 1088 1003 ς
1117 929 1180 997 40).

189 1024 346 1103 Denique,
377 1027 406 1086 si
436 1047 487 1086 κεν
518 1028 663 1089 alienum
694 1027 812 1089 fuisset
839 1045 858 1089 a
881 1029 992 1102 lingua
1015 1029 1232 1089 recentiorum
1257 1031 1425 1103 poetarum

146 1125 323 1203 epicorum,
356 1125 426 1189 fieri
448 1129 505 1188 vix
528 1129 688 1203 potuisset
711 1130 788 1202 quin
813 1130 962 1190 aeolismi
984 1129 1091 1205 huius,
1117 1144 1215 1202 quem
1238 1130 1316 1191 dicit
1338 1130 1425 1205 Fici,

148 1227 289 1300 vestigia
319 1229 361 1288 iis
383 1230 517 1290 demum
539 1229 619 1291 locis
642 1233 848 1292 remanerent
870 1233 924 1291 ubi
947 1232 1039 1292 salvo
1062 1233 1167 1290 metro
1191 1245 1255 1290 non
1279 1232 1428 1305 poterant

148 1327 346 1405 oblitterari;
369 1331 403 1390 et
424 1331 458 1390 ln
477 1331 622 1404 Odyssea
640 1333 737 1409 certe,
758 1348 856 1405 quam
876 1333 916 1392 ab
939 1333 1047 1393 ionico
1071 1333 1165 1406 poeta
1184 1332 1218 1392 in
1238 1333 1425 1393 hodiernam

147 1425 291 1490 formam
321 1431 486 1492 redactam
517 1433 618 1493 iulese
650 1434 699 1493 vir
729 1434 784 1494 ille
816 1436 929 1495 doctus
961 1437 1121 1510 autumat,
1146 1435 1335 1508 expectares
1358 1434 1425 1494 iore

148 1532 186 1590 ut
214 1551 266 1589 κεν
296 1547 460 1606 nusquam
491 1535 561 1594 sine
592 1535 788 1595 necessitate
819 1536 989 1609 legeretur.
1021 1536 1082 1596 Sed
1114 1551 1210 1597 secus
1241 1550 1312 1595 csse
1337 1534 1425 1594 locos

145 1631 343 1705 explorando
374 1635 534 1708 comperi;
567 1649 631 1695 non
664 1635 839 1697 admodum
870 1637 1002 1710 quidem
1025 1638 1210 1710 frequentes
1233 1636 1290 1696 sed
1314 1638 1425 1696 tamen

144 1732 282 1793 minime
312 1735 378 1794 rari
408 1738 487 1795 sunt
517 1750 634 1796 versus
664 1736 718 1795 ubi
749 1757 799 1795 κεν
830 1737 949 1810 legitur
979 1738 1055 1799 licet
1087 1740 1230 1799 metrum
1263 1737 1364 1797 etiam
1386 1733 1425 1794 liv

142 1834 314 1911 admittat;
348 1837 382 1896 et
411 1837 529 1897 talium
561 1837 705 1897 locorum
736 1838 771 1897 iu
803 1837 948 1912 Odyssea
978 1839 1030 1900 vel
1062 1840 1166 1899 maior
1193 1840 1244 1899 est
1268 1852 1424 1898 numerus

141 1950 243 2009 quam
266 1937 300 1996 in
325 1937 435 1998 iliade.
460 1937 570 1997 Unum
594 1938 782 2012 exemplum
807 1938 949 1999 sufficiat
971 1959 993 1997 rc
1017 1940 1099 2000 297:

321 2034 361 2110 ὡς
384 2035 431 2096 liv
455 2036 652 2109 ἐπιθύσαντες
675 2035 824 2115 ἑλοίμεθα·
847 2038 917 2110 τοὺς
941 2036 982 2099 δέ
1004 2034 1029 2098 κ’
1055 2037 1154 2099 ἔπειτα
1177 2041 1238 2100 etc.

187 2136 392 2199 confidenter
410 2140 510 2213 igitur
530 2154 611 2212 nego
632 2154 704 2200 esse
726 2155 870 2215 causam,
892 2156 949 2201 cur
968 2142 1001 2200 in
1024 2141 1256 2202 recentioribus
1276 2139 1421 2214 partibus

144 2239 330 2300 carminum
362 2239 609 2300 Homericornm
633 2236 671 2297 dv
694 2239 871 2300 toleremus
894 2244 1006 2315 utpote
1029 2242 1207 2314 genuinum
1229 2238 1260 2317 ¹),
1284 2242 1317 2300 in
1341 2241 1420 2300 auti·

144 2339 312 2413 quioribus
334 2356 411 2401 vero
434 2361 496 2418 κεν,
518 2342 677 2415 quantum
700 2340 770 2401 fieri
792 2343 906 2416 possit,
930 2358 1130 2403 revocemus.

189 2540 271 2618 Quid
301 2543 425 2616 igitur?
455 2543 541 2603 Num
573 2544 749 2604 relabimur
778 2544 812 2603 in
845 2545 989 2604 veterem
1021 2544 1215 2619 opinionem,
1241 2544 1420 2603 Homerum

143 2659 259 2705 omnes
291 2645 446 2706 dialectos
478 2644 630 2706 Graeciae
661 2646 912 2720 contaminasse,
944 2645 1080 2705 barbara
1110 2660 1236 2719 quoque
1265 2643 1421 2704 vocabula

143 2746 414 2823 intermiscuisse,
434 2746 579 2820 quinimo
599 2746 752 2806 coelitum
772 2746 883 2820 lingua
901 2747 1063 2807 interdurn
1084 2761 1181 2805 usum
1202 2744 1421 2805 fuisseinihil

142 2862 208 2908 non
239 2847 371 2907 licuisse
402 2846 442 2923 ei,
473 2846 553 2908 nihil
584 2863 647 2907 non
678 2847 837 2907 libuisse?
862 2847 948 2907 Num
980 2847 1151 2922 credimus,
1186 2845 1265 2905 nihil
1296 2845 1348 2906 hic
1378 2859 1420 2904 ex

143 2962 245 3008 sanae
268 2948 390 3008 mentis
414 2947 594 3022 praeceptis
617 2949 675 3007 aut
698 2962 793 3021 posse
816 2947 970 3021 explicari
992 2949 1049 3007 aut
1073 2947 1198 3021 debere,
1222 2945 1279 3005 sed
1299 2945 1421 3005 obtem·

143 3048 324 3125 perandum
355 3063 428 3109 esse
459 3048 632 3122 imperioso
654 3048 710 3106 isti
732 3048 817 3108 dicto
844 3049 930 3122 ,stet
952 3062 1008 3121 pro
1031 3048 1155 3108 ratione
1179 3046 1352 3108 voluntas'’
1379 3078 1418 3088 -

142 3150 228 3223 quod
252 3149 357 3210 servis
379 3151 492 3210 tamen
517 3149 646 3209 vexatis
670 3150 777 3222 potius
800 3149 958 3223 scriptum
980 3164 1079 3222 quam
1099 3149 1280 3223 philologis,
1302 3147 1421 3207 liberae

142 3252 226 3314 artis
250 3251 412 3313 asseclis?

176 3478 196 3544 ¹)
214 3483 254 3531 Ad
272 3482 439 3531 refellendam
458 3482 537 3531 liora
554 3485 700 3545 opinionem
719 3486 796 3532 etiam
820 3485 911 3532 Osllini
935 3498 1025 3532 verens
1044 3486 1075 3532 ir.
1094 3483 1120 3532 1⁸
1138 3485 1235 3544 aliquid
1253 3484 1338 3531 valere
1356 3483 1420 3530 mihi

140 3562 251 3610 videtur.
279 3560 432 3611 Fickenim
450 3559 554 3628 (Odyse.
581 3577 606 3623 p.
631 3562 665 3624 8),
688 3566 718 3610 ut
736 3564 857 3624 probaret
874 3564 908 3611 ab
928 3565 1015 3611 Ionica
1032 3564 1142 3612 dialecto
1159 3565 1272 3611 litteram
1291 3563 1420 3622 digamma

140 3642 253 3690 alienam
272 3654 375 3702 semper
392 3643 481 3699 luisse,
499 3644 566 3690 inter
584 3642 633 3689 alia
650 3645 801 3701 argumenta
819 3643 868 3690 hoc
886 3656 988 3703 quoqne
1012 3644 1099 3690 attulit
1122 3643 1207 3703 ,qnod
1224 3644 1250 3690 in
1269 3642 1421 3702 fragmentis

141 3721 301 3777 ,carminum
327 3724 444 3769 veterum
469 3724 604 3782 poetarum
629 3721 776 3768 ionicorum
800 3722 893 3769 collini
916 3723 1062 3770 Mimnermi
1085 3723 1232 3769 Archilochi
1250 3722 1420 3782 Hipponactis

141 3800 230 3857 „nussa
248 3801 327 3848 haine
343 3801 445 3848 litterae
463 3802 625 3862 reperiantur
643 3803 713 3848 certa
730 3802 868 3860 veshgb”;
887 3805 974 3848 uestro
992 3802 1071 3860 igitur
1088 3802 1142 3848 iure
1161 3802 1292 3861 poscimus
1308 3800 1420 3848 utnobis

141 3881 234 3929 eodem
250 3883 404 3940 argumento
422 3882 460 3929 uti
477 3882 561 3928 liceat
578 3880 669 3940 Itaque
687 3894 745 3927 cum
764 3881 831 3928 inter
847 3893 944 3941 pancos
961 3881 1020 3927 illos
1035 3878 1127 3928 Oallini
1143 3893 1234 3928 versas
1249 3881 1294 3939 qni
1309 3882 1420 3927 aetatem

141 3959 260 4009 tulerunt
276 3960 391 4020 legatur:

188 4066 206 4077 ··
228 4024 249 4068 'x‘
496 4043 599 4093 θάνατος
616 4039 642 4085 δὲ
660 4039 707 4086 soi
726 4040 818 4086 {conas
836 4041 953 4085 dundee
968 4056 1017 4085 aar
1034 4039 1062 4098 dr]

462 4122 555 4184 Melpes
573 4117 713 4165 irenaceo?
718 4153 724 4172 ,

141 4199 167 4245 in
190 4197 288 4258 quibus
311 4198 398 4246 verbis
420 4199 453 4246 de
477 4196 633 4245 eliminando
662 4214 701 4243 m
724 4209 756 4243 nc
780 4195 887 4255 cogitari
904 4196 1009 4255 quidem
1027 4199 1121 4256 potest,
1138 4196 1198 4243 hine
1216 4196 1342 4255 seqnitur,
1360 4208 1420 4255 par-

140 4278 246 4326 ticulam
273 4295 314 4325 aas
339 4292 354 4325 a
381 4278 473 4325 Gallini
498 4277 609 4324 &alecto
635 4289 685 4324 non
711 4277 792 4323 fuisse
819 4276 938 4332 alienam,
961 4276 1075 4323 Ionicam
1101 4277 1179 4336 igitur
1194 4275 1256 4322 olim
1274 4275 1362 4322 fuisse.
1381 4276 1420 4322 An

140 4357 282 4405 Homerum
308 4357 424 4404 imitatus
449 4357 528 4404 fuerit
555 4355 690 4403 Gallinnsi
717 4355 844 4415 Equidem
871 4355 1010 4414 quominus
1034 4355 1072 4401 sic
1098 4357 1195 4401 statuat
1221 4354 1349 4414 quispiam
1370 4367 1420 4401 non

141 4437 282 4495 intercedo,
308 4435 355 4483 sed
379 4437 436 4497 ipse
461 4433 523 4483 lior
549 4435 586 4482 sic
612 4436 713 4496 opinari
739 4449 786 4483 nos
810 4436 905 4490 vetuit3
932 4448 990 4481 nam
1020 4437 1079 4495 poet
1104 4434 1291 4493 sexagesimam
1314 4433 1419 4481 demum

141 4517 317 4577 olympiadem
344 4529 359 4562 a
384 4518 468 4576 poetis
492 4515 586 4563 Ionicis
613 4515 709 4561 formae
735 4515 893 4571 Homericae,
919 4514 960 4561 vel
978 4518 1007 4561 nt
1025 4514 1069 4561 ille
1089 4514 1205 4573 loquitur
1222 4513 1347 4570 heolieas,
1366 4514 1420 4560 suis

143 4594 301 4643 carminibus
319 4593 480 4641 intermixtas
506 4607 563 4642 esse
580 4593 712 4641 contendit
729 4594 801 4640 Iliad
820 4606 879 4654 pag.
896 4606 984 4641 mu.
