3120 5124
743 396 808 453 490
1195 394 1224 466 [s
1251 395 1328 468 acc,
1355 395 1413 453 aer

143 584 175 641 ei
209 581 364 658 βούλεσθε,
394 585 428 641 ei
458 583 596 642 fortasse
629 606 648 640 α
684 584 747 642 234
783 580 931 660 ἐβόλοντο,
964 583 1019 642 ubi
1050 580 1130 640 nihil
1162 582 1275 640 tamen
1310 581 1419 640 obstat

142 682 314 756 quominus
333 682 477 759 βούλοντο
494 684 642 758 legamus
662 700 735 744 cum
757 684 830 744 aliis
850 684 1025 758 mscriptis.
1047 681 1293 757 Quadamtenus
1307 683 1418 741 autem

142 785 264 845 formas
292 782 407 863 βόλεται
438 787 471 845 et
500 783 626 863 βόλεσθε
656 787 831 846 defenduut
854 786 1018 859 inscriptio
1043 784 1200 844 Arcadica
1227 775 1340 842 1222²⁵
1364 780 1418 858 ιὸμ

142 884 305 964 βολόμενον
336 888 369 946 et
392 887 544 947 Latinum
575 888 710 948 verbum
741 884 805 947 οὸλσ
835 887 966 948 abrevi
996 886 1123 960 syllaba
1153 884 1330 960 incipiens;
1364 886 1418 943 vix

142 989 253 1048 tamen
285 988 395 1048 dubito
426 989 503 1062 quin
534 990 574 1050 ab
605 989 695 1064 epica
721 989 831 1063 lingna
854 989 978 1050 alienae
1008 988 1128 1049 tuerint
1152 990 1186 1048 et
1210 987 1418 1060 ambiguitati

143 1094 292 1153 vetustae
315 1093 517 1153 litteraturae
541 1092 726 1168 debeantur,
751 1108 826 1153 cum
849 1092 1041 1166 praesertim
1065 1091 1099 1150 et
1123 1093 1154 1148 A
1178 1090 1243 1149 319
1268 1091 1303 1149 et
1320 1108 1342 1146 ιι
1355 1091 1417 1149 381

143 1193 223 1253 alias
247 1209 373 1267 quoque
396 1194 436 1254 ob
460 1209 576 1255 causas
600 1193 801 1268 displiceant.

188 1294 366 1356 cohaerent
388 1292 482 1373 βουλή
505 1288 719 1376 (βουληφόρος,
741 1295 886 1374 βουλεύω,
908 1288 1083 1374 βουλευτής)
1108 1295 1140 1353 et
1164 1292 1365 1372 πολύβουλος.

187 1494 312 1577 ,2260
347 1492 461 1579 (pavi)
493 1515 558 1560 aor.
590 1496 734 1579 ε’γὲγωνον
764 1501 843 1574 etc.;
875 1499 1009 1573 perfecti
1040 1497 1248 1573 participium
1279 1495 1416 1575 γεγωνώς

143 1601 299 1660 traditum
332 1601 516 1676 accepimus
546 1603 579 1661 in
611 1617 707 1661 versu
732 1596 824 1677 ἤνσει
848 1596 880 1659 δὲ
905 1599 1083 1678 διαπρύσιον
1108 1601 1256 1657 Δαναοῖσι
1279 1596 1417 1677 γεγονώς

147 1702 171 1761 Θ
203 1703 265 1761 227
301 1704 372 1778 etc,
408 1703 464 1762 sed
498 1700 635 1781 γεγονών
667 1701 818 1776 primitus
848 1701 912 1760 illis
944 1701 1023 1761 locis
1055 1701 1156 1760 fuisse
1188 1700 1257 1760 veri
1292 1700 1417 1760 videtur

144 1803 269 1877 simile;
295 1803 357 1863 vid.
383 1801 402 1878 ἕ
430 1799 529 1864 149¹⁵.

188 1906 417 1979 Imperfectum
442 1902 603 1985 ἐγεγώνευν
627 1902 760 1984 ἐγεγώνει
784 1905 883 1964 errori
906 1905 1057 1979 debetur;
1087 1903 1166 1964 olim
1189 1898 1338 1982 ἐγέγωνεν
1358 1899 1416 1980 ε’γέ·

144 2027 219 2085 γονε
247 2011 334 2077 iaor.)
365 2007 434 2068 fuit.
460 2008 585 2080 Tragici
609 2022 684 2067 vero
708 2007 870 2081 praesenti
894 2006 1069 2067 utebantur
1092 2002 1262 2083 γεγωνλσιιιο
1288 2003 1416 2074 (Aesch.

146 2110 258 2168 Prom'
277 2110 351 2184 627,
375 2109 448 2170 Eur.
474 2109 581 2185 Suppl.
607 2110 670 2169 204
702 2110 817 2170 Electr.
843 2110 918 2184 809,
943 2108 1022 2168 item
1052 2108 1150 2167 Thuc.
1179 2106 1240 2166 VII
1267 2107 1310 2166 76
1334 2107 1416 2180 etc),

146 2224 227 2282 quae
250 2212 302 2269 est
324 2210 428 2269 forma
451 2210 634 2270 inchoativa
659 2211 747 2271 verbi
770 2206 914 2290 γεγωνέω,
932 2209 1015 2282 quod
1040 2208 1159 2268 Ionicis
1178 2208 1211 2267 iu
1233 2223 1296 2267 usu
1317 2207 1417 2266 fuisse

147 2327 188 2371 ex
207 2310 322 2385 lapidis
351 2311 420 2371 cuii
442 2313 629 2372 testimonio
648 2313 784 2372 minime
807 2312 958 2385 ambiguo
980 2312 1107 2370 constat
1131 2309 1213 2370 IGA.
1240 2310 1303 2369 381
1330 2329 1417 2387 γεγο

146 2409 261 2484 νέονιες
284 2418 328 2483 l=
348 2412 558 2491 κηρύιτνντες).
580 2414 737 2474 Futurum
758 2411 915 2493 γεγωνήσω
934 2413 1052 2486 legitur
1071 2411 1144 2471 Eur.
1165 2411 1233 2471 Ion.
1256 2411 1334 2484 696,
1354 2425 1416 2470 aer.

147 2520 312 2592 γεγωνῆσαι
335 2515 452 2575 Aesch.
477 2515 583 2576 Prom.
609 2516 683 2576 990.

191 2710 213 2794 fi
237 2712 308 2778 261.
337 2713 411 2795 (γεν)
435 2715 572 2796 γίγνομαι
595 2721 668 2794 etc„
691 2732 756 2778 aor.
776 2711 919 2797 ’γενόμην
942 2719 1003 2777 eit.
1024 2708 1188 2796 (5149⁵²),
1211 2715 1292 2790 perf.
1318 2711 1417 2794 γε’γονε

149 2819 209 2877 etc.
236 2815 265 2893 (ἓ
291 2811 390 2895 160²).

192 2919 383 2980 Procrcortdi
416 2936 513 2982 sensu
545 2923 720 2997 usurpatur
749 2937 814 2983 aor.
847 2917 961 2999 ἐγείναο
986 2922 1014 2977 Ε
1035 2919 1110 2996 880,
1142 2915 1273 2998 ἐγείνατο
1299 2922 1329 2977 Α
1357 2918 1418 2977 280

151 3022 176 3079 Ο
200 3022 263 3080 526
288 3024 360 3097 eto.²
383 3020 493 3101 γείνεαι
516 3045 534 3082 ν
560 3024 634 3098 202,
657 3021 826 3101 γείνωνιαι
848 3023 943 3097 Τ26,
968 3020 1125 3100 γείνασθαι
1153 3023 1181 3079 Φ
1207 3021 1271 3082 160
1296 3024 1321 3079 θ
1345 3020 1418 3080 312.

194 3121 352 3182 Praesens
374 3121 508 3201 γείνομοιι
532 3124 584 3184 vel
606 3119 726 3201 γλνογιοι
749 3126 807 3184 aut
829 3138 870 3183 ex
894 3123 969 3182 Iade
989 3123 1167 3183 recentiore
1195 3126 1215 3191 Ι)
1235 3122 1268 3181 λιι
1289 3123 1419 3181 textum

149 3224 272 3298 passim
297 3225 425 3299 irrepsit
447 3226 521 3297 (vid.
547 3227 571 3283 Β
595 3226 659 3286 468
687 3227 714 3283 Y
736 3227 796 3285 128
821 3226 893 3294 etc.)
918 3227 975 3284 aut
997 3224 1132 3285 debetur
1153 3223 1267 3285 acrisii
1292 3220 1421 3302 ἐγείνατο

150 3325 364 3386 similitudini.
385 3327 512 3387 Dudum
533 3329 666 3402 probam
680 3328 769 3388 verbi
780 3327 921 3386 formam
933 3348 1014 3405 γιγν-
1027 3327 1242 3387 restituerunt
1254 3326 1289 3386 P.
1300 3325 1422 3399 Kuight

151 3427 275 3487 Bekker
309 3428 373 3489 alii.
409 3429 519 3503 Neque
554 3430 730 3491 admodum
766 3430 899 3502 antiqua
933 3430 967 3489 in
1001 3430 1096 3489 textu
1127 3429 1215 3501 epico
1246 3442 1321 3487 esse
1345 3428 1422 3486 haec

152 3529 232 3588 vitia
265 3529 445 3590 luculenter
479 3532 573 3592 docet
596 3531 729 3592 Hesiodi
764 3546 879 3592 versus
914 3531 971 3605 Op.
1009 3531 1085 3606 821,
1120 3529 1175 3589 ubi
1206 3529 1365 3604 mscripta
1390 3529 1421 3588 in

151 3633 287 3692 lectione
311 3630 483 3712 γεινομένιγς
507 3635 576 3695 sive
598 3632 756 3715 γινομένης
771 3669 811 3680 -
828 3650 906 3695 nam
933 3636 992 3695 boc
1015 3632 1145 3709 perinde
1168 3631 1220 3692 est
1237 3664 1277 3674 -
1291 3645 1423 3691 summa

152 3735 335 3794 constantia
365 3737 600 3812 conspirabant,
631 3737 732 3798 donec
755 3737 788 3797 iu
815 3737 933 3798 lacinia
956 3750 1136 3811 papyraceo
1165 3734 1288 3794 nostris
1312 3734 1423 3795 diebus

152 3837 316 3909 repertum
340 3837 391 3897 est
416 3838 447 3897 id
471 3838 555 3911 quod
578 3839 704 3912 flagitat
728 3840 811 3900 ratio
834 3835 1018 3919 γιγνομένης.

197 3938 363 3999 Pessimae
397 3941 492 3999 notae
525 3941 671 4000 futurum
704 3937 891 4019 ἐκγεγάονιοι
929 3943 1096 4001 nascentur
1133 3937 1252 4011 legitur
1290 3937 1325 3997 in
1356 3937 1423 3997 loco

153 4040 301 4098 omnium
325 4055 484 4100 consensu
507 4042 732 4102 recentissimo
755 4042 786 4102 h.
810 4041 889 4103 Ven.
917 4041 989 4102 198.

157 4226 345 4235 —-—-—

189 4319 208 4385 ἐ)
225 4323 301 4371 Iones
318 4323 379 4371 olim
398 4338 448 4371 non
459 4323 567 4385 γλοσνιολ
583 4325 629 4373 sed
644 4323 764 4386 γὶιιγονιαλ
778 4327 962 4387 pronunciasse
979 4340 1021 4372 res
1036 4323 1142 4380 clamal;
1158 4324 1265 4372 aiunl.
1275 4322 1424 4388 νιογκξιῑγαι,

154 4402 211 4448 Ital.
235 4401 290 4462 ογιιλ
317 4404 418 4463 aliaque
444 4405 577 4451 eiusmodi.
604 4405 752 4465 Comparari
778 4407 864 4465 potest
889 4419 944 4451 mos
970 4406 1094 4465 Cypricus
1120 4403 1221 4450 nasales
1248 4403 1423 4451 omittendisi

155 4485 279 4540 sequatur
305 4495 425 4544 consone,
452 4498 474 4531 a.
492 4497 517 4541 g.
543 4487 672 4545 ο-Ιο-νσγιο
688 4485 850 4549 :drepana
873 4483 984 4530 ιιι-Ιν-Ιεο
1002 4506 1034 4527 .-.-
1052 4487 1095 4530 οὺν
1120 4486 1183 4544 τύχᾳ
1205 4479 1251 4546 (ci.
1270 4483 1373 4531 Deecke
1400 4484 1422 4530 iu

156 4561 256 4609 Oollitz.
273 4562 472 4610 Dialeirtinsohr.
492 4563 505 4609 I
522 4576 547 4622 p.
566 4566 596 4610 10
616 4559 676 4624 sq.).
