3120 5124
816 401 863 445 XX

205 579 320 638 iudicio
340 576 527 651 pendemus.
548 574 704 631 Attamen
724 572 867 632 multum
888 573 980 632 abest
1001 574 1038 632 ut
1056 589 1113 647 per
1132 575 1295 649 integrum
1309 578 1476 638 saeculum

204 678 325 738 frustra
354 678 387 736 in
417 677 476 735 hoc
508 688 622 747 campo
654 672 884 733 desudaverint
911 675 944 732 et
966 674 1222 748 depugnaverint
1243 678 1405 751 philologi.
1431 679 1475 738 De

204 794 337 840 summa
359 778 445 838 enim
471 790 577 836 rerum
602 775 687 834 inter
710 789 765 834 eos
785 776 851 833 iam
873 776 1010 850 constat,
1031 777 1143 848 paucis
1163 779 1317 852 exceptis,
1339 793 1476 851 quorum

204 896 360 941 numerus
384 881 417 939 in
440 879 519 954 dies,
544 877 577 936 ni
600 876 753 951 fallimur,
779 877 944 937 decrescit.
970 876 1103 937 Constat
1130 880 1275 939 carmina
1297 880 1353 939 llla
1376 882 1475 955 epica,

205 983 288 1043 unde
318 982 448 1041 initium
472 978 591 1039 habent
613 977 742 1037 litterae
766 977 915 1053 Graecae,
940 979 1159 1052 compluribus
1183 981 1289 1055 poetis
1312 981 1419 1041 deberi
1444 984 1477 1040 et

205 1085 327 1145 sensim
358 1084 490 1143 demum
521 1081 561 1140 ad
593 1094 664 1139 eam
693 1079 833 1139 formam
857 1095 996 1152 eumque
1019 1081 1180 1140 ambitum
1204 1082 1390 1155 pervenisse
1413 1097 1475 1154 quo

204 1188 245 1247 ad
279 1188 425 1259 posteros
458 1183 536 1242 sunt
568 1181 703 1254 perlata.
739 1179 873 1241 Gonstat
908 1181 1086 1242 recentiora
1120 1183 1353 1254 antiquioribus
1381 1185 1476 1244 inter·

205 1288 311 1347 mixta
340 1286 455 1358 iacere,
487 1283 633 1356 egregiae
667 1283 748 1342 artis
780 1283 924 1355 reliquiis
947 1286 1061 1344 assuta
1084 1299 1156 1345 esse
1183 1299 1265 1356 quae
1287 1286 1476 1359 plumbeum

204 1388 340 1463 prodant
372 1385 568 1458 versificem;
601 1384 729 1443 constat
757 1399 821 1443 non
853 1399 954 1457 pauca
985 1385 1127 1445 alienum
1159 1386 1192 1445 in
1217 1386 1324 1446 locum
1348 1387 1477 1446 invecta

205 1506 287 1564 esse,
308 1503 453 1561 quaeque
473 1486 648 1561 separatim
668 1485 746 1545 olim
768 1487 947 1560 composita
963 1488 1083 1548 fuerint
1102 1489 1249 1547 inunum
1269 1503 1383 1563 corpus
1404 1503 1476 1548 esse

206 1592 365 1664 colligata.

250 1692 383 1753 Saeculo
406 1691 472 1751 fere
495 1689 557 1749 Xl⁰
586 1691 662 1749 ante
687 1687 861 1765 Christum,
883 1689 1021 1750 fortasse
1041 1690 1142 1750 etiam
1161 1693 1267 1768 antea,
1290 1692 1323 1750 in
1343 1691 1477 1752 Graecia

207 1796 356 1855 vixerunt
376 1794 523 1853 cantores
545 1787 674 1866 (ἀοιδοί),
695 1791 747 1862 qui
761 1791 793 1850 in
807 1806 920 1864 regum
933 1792 1009 1851 aula
1020 1807 1128 1852 coram
1142 1793 1298 1867 convivis
1312 1793 1475 1854 ueletiam

205 1897 318 1957 diebus
348 1895 441 1954 festis
471 1893 621 1952 adstante
647 1891 755 1965 populi
778 1907 895 1953 corona
915 1890 946 1967 ¹),
971 1893 1098 1952 fabulas
1121 1893 1159 1953 de
1183 1895 1319 1954 fortibus
1343 1896 1476 1968 patrum

206 1996 399 2058 facinoribus
428 1997 561 2067 totaque
592 1995 739 2052 veterum
770 1994 905 2053 heroum
928 1994 1006 2069 vita,
1031 2009 1112 2067 quae
1136 1996 1221 2056 inter
1243 1996 1396 2069 aequales
1418 1998 1475 2056 cir-

206 2098 475 2171 cumferebantur,
507 2095 648 2156 carmine
676 2094 837 2154 celebrare
867 2095 1024 2171 solebant,
1057 2097 1223 2157 occinente
1253 2112 1351 2170 quam
1375 2112 1475 2158 manu

205 2200 359 2260 tenebant
381 2198 513 2257 cithara.
538 2197 627 2257 Haec
650 2198 727 2256 sunt
749 2193 833 2255 κλέεα
852 2194 971 2274 ἀνδρῶν
991 2198 1048 2258 illa
1066 2213 1150 2270 quae
1172 2201 1191 2256 1
1211 2200 1283 2274 189,
1306 2201 1368 2259 524
1390 2205 1413 2257 θ
1435 2202 1475 2259 73

206 2299 511 2360 commemorantur.

251 2402 450 2476 Rogantibus
483 2402 594 2460 autem
637 2414 702 2472 qua
735 2400 769 2459 in
803 2403 894 2473 parte
929 2400 1080 2461 Graeciae
1115 2402 1148 2461 hi
1180 2404 1328 2463 cantores
1370 2405 1475 2462 artem

207 2520 302 2565 suam
332 2503 538 2577 potissimum
570 2501 783 2576 exercueriut,
816 2501 900 2562 ultro
930 2518 966 2562 se
992 2502 1084 2562 nobis
1106 2503 1245 2563 offerunt
1268 2504 1474 2578 Mycenarum

206 2609 239 2667 et
269 2604 434 2678 Tirynthia
464 2601 551 2662 clara
573 2603 715 2677 nomina,
748 2602 800 2661 ubi
827 2604 989 2675 regiarum
1012 2604 1194 2676 ingentium
1218 2605 1343 2681 rudera,
1367 2608 1474 2680 poten·

205 2709 352 2767 tissimos
382 2708 479 2777 atque
510 2704 689 2764 ditissimos
720 2705 912 2764 monarchos
935 2706 1100 2780 testantia,
1125 2706 1319 2767 mirantibus
1343 2709 1473 2769 nostrae

205 2808 323 2868 aetatis
346 2806 530 2867 hominihus
553 2805 694 2865 ostendit
717 2804 934 2865 Schliemanni
957 2806 1119 2866 indefessa
1142 2807 1308 2868 industria.
1331 2809 1474 2882 Mycenis

205 2910 396 2985 praesertim
429 2907 497 2967 fleri
534 2908 590 2966 vix
622 2907 727 2980 potuit
760 2907 837 2980 quin
871 2907 949 2967 olim
983 2908 1145 2969 celebrata
1178 2909 1298 2969 fuerint
1331 2911 1473 2972 facinora

205 3011 402 3072 Atridarum.
427 3009 489 3070 Sed
513 3009 613 3069 etiam
635 3008 838 3067 Thessaliam
862 3011 1007 3082 spectare
1028 3010 1173 3082 cogimur
1190 3013 1319 3084 propter
1337 3013 1473 3073 Achillis

205 3128 323 3173 nomen
347 3113 543 3183 deorumque
566 3109 676 3170 sedem
704 3109 880 3183 Olympum
899 3113 931 3184 ²),
954 3125 1013 3170 nec
1032 3111 1102 3170 sine
1121 3126 1220 3172 causa
1240 3113 1471 3175 occidentalem

206 3214 357 3274 Graeciae
388 3227 477 3273 oram
509 3211 812 3271 commemoraverit
840 3211 1010 3287 quispiam,
1034 3212 1068 3271 in
1091 3213 1156 3272 illis
1179 3215 1265 3272 enim
1290 3215 1473 3288 regionibus

206 3400 399 3408 ..--.---

239 3529 259 3595 ¹)
277 3533 414 3580 Gestorum
432 3536 561 3580 certamen
579 3532 693 3578 habitum
712 3533 738 3578 in
755 3533 845 3578 sunere
863 3533 932 3590 regis
951 3533 1143 3590 Aloidamentis,
1161 3535 1205 3594 qni
1223 3536 1247 3581 in
1266 3536 1334 3583 bello
1355 3537 1472 3585 Lelantio

204 3612 306 3658 saeculo
323 3612 386 3657 v110
405 3617 514 3659 exeunte
532 3612 631 3667 oeoidit,
658 3615 872 3658 commemoratur
889 3612 945 3658 loco
963 3613 1026 3658 satis
1043 3614 1139 3659 recenti
1156 3614 1217 3660 Hes.
1235 3616 1310 3674 Oper.
1331 3617 1379 3662 654
1398 3630 1470 3675 sqq.:

504 3693 563 3737 ivea
581 3691 604 3736 δ’
625 3693 681 3749 lydia
698 3691 733 3737 in’
752 3692 828 3737 ἄεθλα
845 3692 969 3754 δαΐφρονος
985 3693 1165 3749 Ἀλκιδάμαντος

505 3771 613 3817 Χαλκίδα
630 3772 648 3816 τ’
669 3771 812 3835 εἰσοπὲρησα·
829 3773 859 3816 τὰ
876 3772 901 3816 ol
918 3773 1115 3835 προπεφραδμένα
1132 3775 1206 3819 πολλὰ

502 3844 555 3895 ἆθλ’
575 3851 664 3896 trecor
682 3851 762 3903 παῖδες
778 3854 935 3913 μεγαλήτορες.
955 3852 1016 3896 ἔνθα
1032 3851 1061 3908 με’
1078 3870 1135 3911 φημι

502 3930 564 3992 ὕμνῳ
582 3929 707 3988 νικήσαντα
724 3930 801 3993 φέρειν
817 3931 910 3992 τρίποδ’
931 3933 1061 3976 οὐατόεντα.

204 4007 268 4053 Cum
295 4009 404 4054 Homero
433 4011 518 4055 autem
544 4009 597 4055 illio
624 4012 785 4056 concertasse
809 4008 950 4055 Hesiodum
973 4010 1101 4055 fluxerunt
1124 4012 1228 4071 posteri,
1250 4011 1299 4057 vid.
1314 4011 1413 4076 Ὁμήρου
1432 4017 1470 4061 καὶ

208 4086 312 4131 Heroden
334 4088 402 4143 ἀγών,
426 4088 471 4146 qui
488 4089 514 4134 ln
531 4089 618 4135 codice
635 4089 806 4135 Laurentisne
824 4088 919 4147 LV1,1
945 4089 1042 4134 saeculi
1060 4089 1124 4134 xlvi
1151 4093 1276 4150 superest.
1296 4092 1377 4146 Quam
1395 4093 1469 4140 sabu-
1544 4098 1547 4107 '

203 4165 253 4210 lam
280 4177 329 4210 non
353 4178 411 4212 esse
433 4167 519 4213 flotam
543 4181 557 4213 ο
579 4169 745 4226 grammatico
769 4167 892 4213 HedrIani
915 4166 1024 4226 eequaII,
1042 4169 1085 4225 qni
1104 4169 1168 4214 illud
1186 4170 1340 4229 opusculum
1357 4172 1470 4230 scripsit,

203 4245 248 4290 sed
273 4245 372 4302 aliquot
394 4247 505 4294 saeculis
530 4249 701 4306 antiquiorem
727 4262 792 4301 esse,
819 4260 886 4293 nuno
910 4246 985 4293 docet
1007 4247 1099 4294 laciniis
1122 4262 1265 4308 papyraoee
1292 4251 1387 4297 saeculi
1409 4257 1469 4300 onte

204 4325 261 4369 Chr.
279 4324 334 4379 111¹,
361 4339 437 4385 quam
455 4324 569 4373 Flinders
587 4325 671 4373 Petrie
688 4326 785 4372 detexIt
802 4339 869 4371 anno
891 4327 962 4372 1891.
981 4326 1036 4372 vid.
1053 4329 1080 4372 h.
1096 4329 1181 4374 Rzaeh
1197 4330 1296 4376 Wiener
1310 4330 1383 4376 stud.
1403 4334 1468 4378 1892

202 4417 227 4462 p.
248 4406 294 4450 189
312 4419 377 4464 sqq,
395 4407 452 4454 coll.
474 4407 500 4453 I'.
519 4407 654 4453 Nietzsche
672 4405 760 4453 RheIn.
780 4407 844 4452 lius.
864 4406 929 4452 XXV
947 4421 971 4466 p.
991 4409 1039 4454 536
1057 4421 1113 4468 sqq.
1133 4416 1159 4455 et
1175 4410 1282 4455 XXVIII
1301 4424 1325 4469 p.
1345 4413 1391 4457 211
1411 4426 1468 4472 sqq.

234 4479 256 4546 ¹)
275 4484 364 4531 Iliadis·
390 4488 491 4545 poetam
519 4487 544 4532 in
571 4487 704 4534 Thessalr's
730 4486 822 4531 vixisse
846 4486 1010 4545 praecedenti
1035 4488 1138 4534 saeculo
1167 4488 1260 4534 sumsit
1286 4489 1469 4538 Gismbsttista

202 4562 270 4618 Vico,
288 4568 372 4610 nostre
393 4568 476 4611 aetate
494 4568 639 4611 statuerunt
656 4566 770 4611 Britanni
788 4565 891 4612 Geddes
912 4567 1000 4612 Monro
1023 4567 1097 4614 Jebb.
