3120 5124
133 488 136 493 .
202 430 215 501 i
235 431 290 503 iti]
762 432 824 492 277

110 642 128 663 -
234 617 296 677 Sunt
312 618 406 678 etiam
430 618 537 695 verba,
561 634 698 693 quorum
720 634 823 693 genus
846 618 990 680 medium
1018 619 1116 679 activi
1138 618 1208 679 ioco
1230 622 1423 692 usurpatum

110 727 136 781 2³:
203 718 300 779 debetur
326 720 403 780 uitio
436 722 549 781 textus
582 721 708 796 traditi;
742 722 789 781 sic
812 716 903 780 ι’λσατο
937 723 964 779 Τ
985 722 1037 797 95,
1064 717 1151 779 ἀᾶται
1176 722 1203 778 Τ
1223 721 1275 796 91,
1302 721 1364 780 129
1388 721 1421 781 in

111 842 137 884 :-
203 814 252 876 itn
269 819 383 891 (Nauck)
407 823 441 881 et
463 817 569 881 *ἅασσε
589 823 775 896 corrigenda
797 838 869 883 esse
897 823 979 882 satis
1001 825 1138 883 constat.
1164 822 1251 897 Quod
1275 837 1419 882 errorum

203 930 275 989 renus
291 936 379 994 quam
401 922 469 983 late
490 924 601 998 pateat
624 922 708 983 baud
732 923 825 984 facile
849 923 967 984 dixerit
990 924 1159 997 quispiam.

483 1176 524 1235 H.
559 1175 605 1235 Dc
626 1175 710 1235 nendi
730 1175 916 1249 tencponibrn
939 1179 965 1234 et
987 1175 1095 1235 enodis.

230 1402 320 1484 filiii.
362 1412 575 1487 Perirequens
608 1415 641 1475 in
675 1414 786 1488 lingua
819 1414 909 1488 spica
940 1417 991 1473 est
1025 1414 1132 1473 annii
1162 1414 1319 1473 indicativi
1341 1428 1421 1473 usus

203 1520 270 1578 item
284 1515 456 1587 nnomicnm
479 1515 583 1576 dicere
607 1516 845 1577 consuevimus.
870 1514 904 1575 Ε.
928 1530 958 1588 g.
1027 1552 1031 1558 -

110 1647 134 1687 ;··.=
231 1605 295 1680 ὅττι
312 1609 403 1675 occid
428 1613 626 1694 ἐπιπείθηται,
648 1616 726 1694 μάλα
749 1611 771 1676 τ’
798 1614 941 1676 ἔκλυον
963 1613 1065 1675 αὐτοῦ.
1089 1620 1118 1674 A
1141 1617 1214 1677 218.

121 1734 139 1787 ς,
231 1707 282 1786 ἥτ’
307 1711 386 1795 ὀλίγη
417 1712 473 1794 μὲν
502 1726 603 1795 πρῶτα
633 1717 816 1798 κορύσσεται,
838 1713 931 1794 αὐτὰρ
955 1714 1053 1776 ἔπειτα
1074 1711 1078 1799 ί
1099 1714 1217 1800 οὐρανῷ
1241 1713 1423 1794 ἐστήριξε

126 1830 137 1862 ῖ-
202 1807 253 1889 tbqq
268 1813 307 1875 τα1
326 1814 374 1877 ἐπί
395 1816 485 1896 χθονί
510 1819 614 1898 βαίνει.
639 1821 667 1878 Δ
690 1821 755 1880 442
779 1835 827 1893 sq.

110 1946 134 1984 r:
230 1910 393 1991 temporum
425 1922 536 1981 autem
560 1923 823 1983 consecutionem
845 1921 874 1980 si
898 1922 1095 1997 spectamus,
1119 1919 1303 1980 huiusmodi
1327 1919 1422 1980 aoris-

203 2010 238 2071 iib
250 2014 363 2080 babetur
381 2022 486 2082 instar
498 2023 679 2099 praesentia,
697 2037 834 2096 quocum
852 2021 941 2094 iungi
953 2024 1070 2098 potest,
1089 2024 1127 2081 nt
1138 2022 1299 2096 posterius
1315 2036 1421 2081 exem·

202 2110 261 2183 ilum
278 2121 368 2183 docet.
392 2122 463 2184 Vid.
488 2124 516 2181 A
538 2124 603 2184 485
626 2140 692 2198 sq:

374 2220 429 2301 τὴν
451 2219 505 2300 μέν
527 2218 558 2283 a’
583 2220 790 2304 ἁρματοπηγὸς
812 2222 889 2305 ἀνὴρ
913 2224 1023 2284 αἴθωνι
1046 2220 1157 2307 σιδήρῳ
1290 2288 1293 2292 ,

374 2319 531 2403 ἐξέταμ’,
552 2321 632 2405 ’όφρα
654 2325 743 2386 Ητνν
766 2325 902 2410 κάμψῃ
926 2322 1089 2404 περιταλλίι
1114 2324 1218 2409 δίφρῳ.

227 2514 339 2586 Verbum
373 2526 531 2588 auxiliare
567 2525 660 2604 μίλλοι
690 2529 723 2588 in
754 2528 891 2589 dictione
923 2530 1017 2603 spica,
1042 2528 1241 2601 frequentius
1269 2529 1301 2588 et
1324 2528 1418 2602 paulo

198 2613 262 2681 abin
284 2641 375 2700 quam
408 2629 491 2703 apud
523 2631 670 2703 posteros
696 2623 728 2704 ¹),
760 2644 920 2702 nusquam
945 2632 1056 2690 autern
1077 2628 1244 2688 nunciandi
1266 2627 1421 2702 significa·

197 2714 256 2782 bone
278 2728 453 2788 adhibitum
485 2731 652 2804 reperitur.
684 2730 842 2790 Praesens
873 2730 1001 2790 tantum
1025 2733 1059 2789 et
1081 2728 1307 2802 imperfectum
1331 2729 1421 2790 novit

110 2906 115 2913 .
194 2813 272 2893 inqua
290 2828 469 2891 Homerica.

220 2919 371 3002 itprimo
402 2931 533 3004 quidem
559 2948 709 3007 naerens
736 2932 905 2993 adhibetur
927 2933 966 2992 ad
990 2932 1158 2992 indicanda
1180 2946 1221 2991 oa
1244 2946 1325 3004 quae
1349 2933 1423 3004 quis

187 3025 236 3083 veri
259 3029 372 3092 similia
404 3047 476 3093 esse
506 3034 678 3094 contendat
703 3033 756 3094 vel
779 3034 942 3108 concedat,
965 3032 1042 3093 licet
1066 3048 1142 3093 vera
1165 3047 1238 3093 esse
1262 3034 1319 3094 aut
1341 3033 1423 3093 nolit

177 3127 286 3200 probare
310 3135 368 3194 aut
390 3137 547 3209 nequeat;
576 3135 690 3197 eodem
713 3136 812 3210 igitur
833 3150 932 3196 sensu
954 3150 1017 3208 quo
1040 3135 1080 3195 ab
1108 3135 1227 3195 Atticis
1252 3133 1421 3194 adhibetur

175 3224 264 3309 ἔντεα,
289 3234 372 3307 quod
406 3234 541 3295 verbum
572 3236 708 3297 conferri
739 3236 864 3296 solebat
894 3236 934 3295 ab
965 3236 1168 3309 Aristarch03
1193 3235 1232 3295 ci.
1257 3234 1357 3294 Lehrs
1381 3234 1419 3294 de

167 3330 268 3393 Μετ’
296 3350 326 3409 p.
352 3337 426 3396 121.
450 3336 540 3397 Verti
564 3339 671 3412 potest
695 3341 932 3398 consentaneum
955 3341 1006 3411 eet,
1029 3353 1093 3396 non
1116 3340 1158 3396 est
1180 3336 1311 3397 dndinnc
1334 3336 1421 3410 quin,

161 3434 232 3495 autb
261 3442 397 3513 apparet,
429 3439 556 3513 coinon
586 3439 765 3500 consimilis
797 3442 908 3499 autem
941 3441 991 3498 est
1015 3438 1104 3498 verbi
1131 3438 1231 3497 endon
1253 3437 1287 3496 in
1310 3436 1420 3509 lingua

155 3538 265 3597 nostra
295 3540 451 3612 potestas.
484 3540 635 3613 Sequitur
664 3541 833 3616 infinitinrs
851 3540 1023 3614 praesentia
1046 3541 1085 3600 de
1108 3540 1149 3599 iis
1172 3553 1254 3612 quae
1277 3537 1318 3597 ad
1340 3540 1419 3597 tem-

149 3652 214 3713 pus
243 3636 403 3712 loquentis
433 3641 605 3716 pertinent,
636 3642 743 3702 coristi
772 3642 940 3717 infinitines
971 3641 1009 3701 de
1041 3640 1136 3700 rebus
1159 3641 1308 3714 peractis.
1334 3639 1419 3714 Quos

147 3740 241 3801 locos
260 3754 323 3800 non
346 3740 395 3801 ita
418 3742 546 3802 crebros
569 3742 712 3817 integros
736 3743 898 3803 excribere
922 3757 1037 3816 operae
1061 3742 1188 3801 videtur
1212 3741 1361 3815 pretium.

192 3843 229 3906 a)
256 3840 406 3915 Sequitur
429 3841 609 3903 infinitivus
631 3844 812 3918 praesentis
834 3844 873 3904 de
897 3858 931 3902 re
954 3844 1134 3917 praesenti:

328 3941 356 4001 τί
376 3935 406 4001 d’
429 3942 506 4002 etita
529 3937 604 4003 τοῦτ’
630 3940 718 4021 ἐστίν,
740 3940 805 4019 ἐμοὶ
828 3940 922 4020 μέλλει
947 3942 1036 4019 φίλον
1059 3935 1135 4002 εἶναι
1292 3943 1320 3997 Α
1344 3941 1417 4000 564.

140 4043 173 4105 si
206 4042 255 4102 ι’ία
285 4059 335 4105 rea
365 4043 469 4120 nonii,
499 4060 567 4106 neco
597 4046 727 4105 nnnninc
755 4046 864 4121 opinor
894 4045 988 4104 evenit
1018 4046 1094 4114 (dnn
1123 4043 1173 4103 cci
1194 4043 1241 4100 bet
1262 4043 1318 4101 noct
1339 4042 1419 4117 min'n

140 4145 198 4205 τοῦ
224 4143 309 4220 αλιι).

326 4244 405 4306 οὕτω
426 4265 487 4306 τιον
511 4244 562 4305 Διί
584 4243 679 4323 μέλλει
701 4245 858 4324 ὑπερμενέι
881 4245 970 4322 φίλον
994 4239 1069 4304 εἶναι
1295 4245 1318 4301 Β
1345 4245 1416 4303 116.

175 4502 198 4565 ¹)
217 4502 274 4549 Vid.
299 4502 404 4550 Irobsok
427 4501 460 4549 ad
487 4499 623 4561 Phrynich.
646 4516 671 4562 p.
696 4502 744 4549 tta
767 4515 832 4562 sqq„
850 4502 992 4549 vLeenwcn
1015 4502 1138 4549 Mnemon.
1161 4502 1225 4547 1889
1242 4513 1267 4560 p.
1287 4501 1335 4548 210
1353 4513 1418 4562 sqq,

138 4586 177 4632 L}
196 4582 288 4632 Bocbe
304 4582 381 4630 Hom.
397 4581 500 4630 Unters.
518 4581 544 4627 11
562 4582 626 4628 1883
646 4594 670 4641 p.
690 4581 722 4628 bt
740 4594 795 4640 sqq.
