3120 5124
750 406 812 465 108
1320 405 1349 476 [ἓ
1371 405 1408 465 27

142 593 227 653 tales
260 593 370 653 autem
406 592 586 653 locutiones
622 609 792 669 superesse
826 610 867 655 ex
898 594 1042 668 tempore
1073 592 1325 669 antebomerico,
1351 607 1410 667 quo

142 691 216 754 κατὰ
246 693 401 772 σιαιιάρην
433 696 615 772 dicebatur;
645 698 728 770 quod
759 697 789 757 si
813 697 1006 773 conceditur,
1030 696 1136 756 multi.
1152 710 1267 756 versus
1290 695 1412 770 expedi·

141 798 212 856 tam
245 797 366 856 habent
402 797 660 875 explicationem,
696 814 774 858 narn
807 798 953 859 locorum
984 799 1047 859 huc
1075 797 1309 872 pertinentium
1336 797 1415 859 duas

141 907 250 980 partes
276 878 347 1009 (g)
364 906 611 979 praepositionis
624 907 771 992 vocalem
791 907 921 967 tinalem
934 908 1107 981 producere
1124 906 1233 967 docuit
1250 904 1414 968 v.Hartel‚

142 1020 203 1080 Sed
226 1034 322 1080 nemo
346 1034 421 1079 cum
445 1020 553 1094 aliqua
576 1021 812 1095 probabilitatis
832 1022 938 1096 specie
958 1022 1151 1082 contendere
1168 1023 1287 1097 potest,
1312 1021 1413 1082 etiam

142 1122 176 1180 in
200 1120 306 1180 verbis
337 1117 394 1178 atet
419 1117 451 1179 dt
474 1125 630 1197 μαλακοῖσι
652 1119 704 1181 καὶ
726 1121 888 1198 αἱμυλίοισι
909 1119 1033 1182 ἱέμεσσι
1056 1145 1076 1181 α
1101 1125 1142 1185 56
1170 1123 1413 1197 productionem

139 1221 316 1297 particulae
340 1216 372 1279 δέ
396 1222 513 1283 indicio
538 1239 610 1284 esse
634 1240 810 1285 consonam
834 1241 853 1285 a
876 1225 981 1285 fronte
1004 1225 1156 1286 adiectivi
1179 1222 1312 1300 μαλακός
1343 1238 1416 1286 esse

140 1324 317 1397 abiectam;
353 1337 417 1383 non
453 1326 541 1385 enim
572 1341 671 1386 unam
703 1327 868 1386 notionem
900 1326 1103 1387 constituunt
1133 1325 1293 1401 particula
1326 1322 1361 1386 δέ
1383 1326 1416 1386 et

141 1426 337 1486 adiectivum
372 1429 546 1500 insequens
578 1431 786 1505 (σμαλακοῐσι,
816 1443 920 1501 neque
943 1428 1042 1500 igitur
1069 1442 1150 1488 aevo
1174 1426 1415 1488 antehomerico

141 1530 289 1602 poterant
309 1544 514 1591 concrescere
534 1531 567 1588 in
587 1544 687 1590 unam
700 1544 814 1590 vocem
827 1528 1046 1606 δεσμαλαιοῖσι,
1061 1544 1143 1603 quae
1155 1531 1317 1604 potuisset
1327 1529 1415 1591 abire

141 1630 174 1688 in
203 1628 423 1707 detractationis,
450 1630 725 1704 quemadmodum
753 1628 876 1707 ἔμμεναι
906 1646 948 1691 ex
974 1628 1093 1708 ἕσμεναι
1116 1632 1232 1691 natum
1256 1633 1318 1693 est.
1343 1631 1414 1691 Pro·

143 1737 271 1798 ducitur
290 1741 401 1800 autern
422 1734 454 1797 δέ
473 1738 551 1798 locis
571 1739 622 1814 75,
645 1757 674 1796 ιε
697 1737 777 1798 locis
789 1738 842 1814 60,
867 1739 961 1798 sexto
981 1752 1105 1812 quoque
1126 1737 1195 1798 loco
1214 1737 1314 1812 igitur
1343 1712 1413 1841 (ἒξ)

141 1850 244 1911 altera
278 1854 351 1912 utra
385 1851 544 1926 particula
575 1853 667 1911 extat
696 1852 860 1927 producta,
891 1852 938 1911 ita
973 1854 1011 1912 ut
1040 1852 1292 1925 haudquaquam
1324 1865 1416 1912 raros

141 1969 214 2014 esse
245 1955 429 2016 huiusmodi
452 1954 540 2016 locos
564 1955 717 2028 appareat
739 1969 843 2027 neque
867 1955 907 2014 ad
929 1956 1111 2015 ceterorum
1144 1953 1330 2026 analogiam
1354 1954 1415 2015 iac-

142 2057 195 2115 tos
219 2071 290 2116 esse
315 2057 465 2118 credibile
489 2056 541 2116 sit.

188 2158 303 2218 Restat
334 2159 432 2232 igitur
462 2159 499 2218 ut
530 2159 725 2232 statuamus,
757 2173 795 2216 ea
828 2172 910 2230 quae
941 2158 974 2217 in
1004 2159 1097 2218 textu
1130 2157 1240 2217 nostro
1264 2155 1418 2230 leguntur

145 2259 191 2318 ita
226 2260 266 2319 ab
300 2260 380 2334 ipsis
412 2260 517 2334 poetis
546 2260 689 2333 profecta
719 2274 808 2333 esse;
841 2260 875 2318 in
906 2258 1040 2319 Homeri
1066 2258 1164 2332 igitur
1186 2259 1257 2318 arte
1279 2257 1418 2318 metrica

145 2354 328 2421 litterarum
347 2365 363 2420 λ
382 2384 403 2437 μ
422 2383 440 2418 ν
460 2361 518 2439 pf
541 2376 614 2420 eam
635 2375 708 2421 esse
728 2361 797 2420 vim
817 2362 853 2420 ut
872 2361 1004 2420 brevem
1029 2359 1175 2420 vocalem
1193 2373 1277 2432 quae
1295 2358 1419 2420 claudit

145 2462 338 2522 vocabulum
372 2464 567 2537 praecedens
601 2463 668 2523 ictu
702 2463 835 2522 iuvante
863 2462 1040 2536 producant
1061 2457 1092 2531 ¹).
1126 2461 1213 2536 Quae
1242 2459 1416 2534 explicatio

145 2579 182 2623 eo
207 2564 316 2624 minus
337 2565 436 2625 habet
457 2565 653 2625 incommodi
676 2565 760 2637 quod
782 2566 816 2625 in
838 2565 924 2625 thesi
954 2564 1138 2624 huiusmodi
1161 2563 1327 2638 productio
1352 2576 1417 2624 non

145 2655 391 2739 deprehenditur
416 2664 447 2742 ²),
472 2666 504 2724 in
528 2667 593 2726 arsi
616 2668 728 2726 autem
752 2665 896 2739 syllabas
925 2665 1049 2740 finales,
1070 2679 1164 2737 ‚quae
1186 2665 1303 2725 breves
1326 2666 1414 2740 sunt,

145 2768 244 2826 etiam
275 2766 395 2827 talibus
417 2768 497 2829 locis
520 2767 636 2841 quibus
659 2768 815 2840 liquidam
839 2783 902 2828 non
925 2767 1046 2826 habent
1068 2768 1259 2839 sequentem
1284 2766 1416 2841 produci

145 2868 304 2944 videmus
328 2869 367 2929 ci.
391 2870 409 2938 ἓ
435 2871 475 2928 19
500 2870 532 2937 ³).

190 2970 241 3029 Ita
271 2972 299 3029 si
330 2971 422 3030 nobis
452 2971 667 3031 informamus
690 2986 770 3045 rem,
794 2971 928 3031 dubium
951 2986 1023 3031 esse
1046 2971 1158 3043 nequit
1182 2971 1295 3030 utrum
1316 2969 1416 3043 gemi-

146 3074 224 3131 nata
257 3087 299 3132 an
333 3072 473 3147 simplex
507 3073 617 3134 littera
645 3072 767 3147 liquida
797 3074 903 3146 magis
933 3074 978 3134 sit
1000 3072 1162 3147 probanda
1184 3071 1218 3131 in
1241 3068 1295 3130 ὅθι
1317 3069 1417 3148 varie,

147 3170 191 3232 tvl
224 3173 385 3252 μεγάροισι,
419 3176 590 3236 similibus.
627 3176 779 3252 Traditio,
815 3191 896 3250 quae
932 3176 972 3235 ad
1007 3174 1233 3236 vetustissima
1269 3175 1418 3248 tempora

146 3277 315 3352 pertineat,
347 3278 407 3337 hac
437 3279 475 3337 de
507 3293 541 3338 re
566 3281 617 3338 est
639 3277 738 3353 nulla,
763 3278 944 3350 antiquitus
968 3277 1055 3337 enirn
1078 3276 1206 3336 litterae
1230 3289 1295 3334 non
1317 3272 1417 3349 dupli·

147 3380 318 3453 cabantur;
354 3379 560 3452 grammatici
595 3381 706 3439 autern
742 3379 953 3439 Alexandrini
988 3394 1086 3452 quam
1122 3377 1281 3438 rationem
1313 3374 1419 3437 secuti

150 3536 233 3544 ...-

182 3626 200 3688 ¹)
219 3631 298 3686 „Eine
325 3645 353 3678 so
376 3631 443 3678 rolla
466 3631 635 3678 Articulatlon
659 3631 704 3677 der
726 3630 852 3689 Liquiden
874 3635 886 3676 t
904 3648 920 3686 μ
939 3649 952 3676 ν
968 3648 982 3694 ρ
1005 3628 1065 3676 dass
1081 3629 1152 3675 disse
1170 3628 1230 3675 dem
1246 3629 1352 3678 werthe
1370 3642 1419 3677 ron

148 3710 461 3771 ,consonantengrnppen
487 3709 578 3757 naharu
605 3710 782 3769 gleichlramen
803 3710 856 3756 und
878 3711 924 3756 wie
948 3709 1018 3756 disse
1041 3708 1157 3756 Position
1176 3708 1265 3755 bilden
1288 3707 1419 3757 konnten”

149 3801 172 3835 v.
181 3790 270 3835 Hartal
287 3790 303 3835 l.
314 3790 330 3835 l.
347 3791 360 3836 I
378 3803 402 3849 p.
421 3791 477 3836 407.
496 3791 533 3837 Gi.
553 3791 583 3837 G.
602 3786 700 3849 Meyer¹
718 3804 743 3850 p.
764 3791 810 3837 177
830 3791 856 3836 et
874 3791 922 3836 279
941 3803 978 3847 sq.

179 3865 201 3931 ²)
218 3870 274 3916 Uno
299 3870 378 3916 verbo
402 3873 512 3927 λίσσομαι
537 3876 559 3915 Ζ
582 3871 614 3916 45
636 3873 662 3915 (b
681 3870 710 3915 71
730 3886 744 3915 ιι
763 3870 810 3914 264
835 3871 951 3928 excepto.
970 3868 1035 3914 Huic
1053 3868 1133 3926 igitur
1150 3868 1228 3915 verbo
1245 3882 1309 3928 prce
1326 3868 1420 3916 ceteris

146 3949 290 3995 restitutam
316 3949 381 3996 velis
406 3952 587 3996 consonantem
610 3963 676 4009 quae
702 3949 817 3996 evanuit:
841 3951 868 3995 at
892 3961 1017 4008 quaenam
1037 3949 1171 3995 evanuerit
1188 3960 1301 3995 consona
1317 3949 1419 4008 ignora·

146 4030 196 4085 tur,
215 4030 240 4073 et
260 4029 331 4075 [146
350 4044 389 4088 sq.
408 4032 477 4076 certe
495 4030 527 4075 ab
544 4031 601 4089 ipso
619 4033 695 4090 poeta
712 4032 752 4076 est
769 4029 871 4075 omissa.

180 4102 202 4170 ³)
219 4108 331 4155 Litterae
345 4111 369 4169 ῤ-
384 4112 499 4168 potestas
517 4109 643 4168 syllabam
660 4108 856 4169 praecedentem
871 4107 1030 4167 producendi
1045 4107 1186 4166 permansit
1201 4106 1278 4154 etiarn
1293 4106 1320 4152 in
1333 4106 1419 4153 Attica

148 4187 227 4246 poesi.
252 4188 297 4235 Gui
321 4202 369 4235 non
393 4190 480 4235 statim
503 4189 589 4234 veniat
613 4189 638 4233 in
660 4191 772 4234 mentam
790 4200 911 4234 versuum
929 4187 1174 4246 Aristophaneorum
1192 4188 1234 4233 οὐκ
1250 4184 1305 4232 ἔσθ’
1325 4186 1418 4240 inuret

147 4267 254 4329 χρησμὸς
279 4270 310 4320 οἷς
332 4276 400 4314 τοῦτο
421 4268 485 4328 ῥέπιι
507 4267 574 4314 Plut.
599 4268 638 4319 51,
660 4271 716 4325 μήτε
733 4269 803 4327 ῥιγῶν
818 4267 892 4326 cilice
910 4271 962 4312 liar
978 4267 1042 4313 Nub.
1061 4267 1118 4322 416,
1136 4265 1338 4324 Sophocloomm
1355 4264 1417 4312 τοῦτ’

149 4347 211 4390 δστὶν
233 4346 274 4406 ἤδη
298 4343 442 4411 reciproceis
463 4345 502 4404 ἐμὲ
519 4346 590 4407 ῥέπον
607 4346 669 4393 Oed.
688 4348 716 4393 R.
736 4348 792 4405 847,
812 4351 833 4392 rt
851 4344 876 4391 <it
893 4348 1013 4406 ρυθμίζιις
1029 4346 1115 4404 Antip.
1134 4346 1182 4391 318
1200 4346 1258 4405 otc,
1275 4344 1338 4404 quin
1355 4344 1419 4392 ιᾱοο

147 4424 174 4470 in
192 4426 259 4471 thesi
275 4423 344 4472 αὗται
362 4425 387 4472 dt
404 4429 467 4487 ῥῖνας
484 4428 579 4486 ἔχουσιν
595 4426 637 4472 Δι’.
655 4425 721 4473 Nub.
739 4427 796 4481 343,
813 4427 853 4471 ἴαο
871 4427 909 4471 καὶ
926 4419 956 4471 rii
975 4427 1067 4485 ῥήματα
1089 4429 1173 4470 tinam
1190 4424 1252 4471 Ran.
1272 4425 1337 4471 1059
1355 4407 1417 4478 croc

149 4505 316 4552 Athenienses
334 4508 419 4552 tamen
437 4518 486 4551 non
504 4505 582 4569 σρίιιιι
600 4508 645 4551 ant
658 4494 750 4571 fpryov
767 4504 896 4564 dicebant,
909 4504 971 4550 licet
985 4500 1086 4567 ιιρῇιιας
1103 4505 1129 4548 et
1145 4502 1239 4549 similia
1252 4502 1285 4549 iic
1299 4501 1419 4549 tribuerit

149 4584 239 4631 Dauos
255 4585 363 4631 Miscell.
381 4584 436 4630 orit.
455 4597 480 4643 p.
500 4585 556 4630 161.
