3120 5124
739 1346 786 1418 H.

622 1536 839 1620 OAPUT
871 1538 904 1623 Ι.

416 1727 467 1786 na
490 1726 722 1788 vocnnraus
746 1729 797 1789 nv
821 1728 1112 1789 nraflraovcre.

617 2141 644 2195 Ι.
674 2141 723 2196 De
745 2140 859 2196 vooali
881 2153 909 2197 ᾱ.

174 2331 245 2414 tl.
279 2339 388 2413 Alpha
410 2338 513 2399 sicubi
537 2338 634 2398 breve
658 2339 719 2413 est,
744 2353 808 2398 non
831 2339 988 2399 mutatur.

174 2431 245 2516 §ia
279 2440 387 2514 Alpba
418 2440 515 2500 breve
549 2439 604 2499 ubi
638 2454 695 2513 per
724 2441 1021 2513 compensationem
1054 2443 1249 2517 producitur,
1277 2442 1344 2502 abit
1366 2443 1399 2502 in

140 2540 273 2600 vocalem
297 2555 327 2618 ᾱ,
351 2541 481 2615 perinde
505 2541 603 2613 atque
626 2541 659 2600 in
684 2539 821 2601 dialecto
844 2540 964 2601 Attica.
989 2541 1023 2601 E.
1047 2557 1095 2615 g.:

349 2638 437 2719 μέλᾶς
459 2646 503 2714 l=
516 2638 643 2718 μέλᾶνς).
846 2650 904 2713 πᾶς
928 2647 971 2713 (=
983 2646 1096 2714 πᾶντς).

349 2742 550 2824 τεθαρσήκᾶσι
572 2749 616 2816 (=
627 2747 744 2814 mdccc).
846 2743 944 2824 γίγᾱσι
966 2744 1174 2824 (εγίγᾶντσι).

178 2845 243 2906 Huc
272 2847 413 2921 pertinet
442 2847 543 2906 etiam
572 2845 780 2906 accusativus
811 2846 946 2920 pluralis
972 2848 1019 2905 1⁸0
1046 2845 1270 2908 declinationis
1293 2849 1325 2908 in
1349 2862 1399 2919 -ᾱς

143 2945 286 3008 desinens.
323 2949 413 3008 Licet
447 2948 535 3008 enim
567 2947 724 3008 vocabula
755 2947 852 3008 huius
883 2948 1005 3009 ordinis
1035 2948 1069 3008 in
1099 2949 1260 3022 plerisque
1284 2950 1399 3010 formis

143 3051 272 3112 vocalem
295 3051 427 3125 longam
450 3065 470 3109 ᾶ
493 3055 533 3128 (η)
555 3051 738 3126 exhibeant,
763 3066 862 3124 quam
882 3053 997 3124 suapte
1018 3051 1117 3124 igitur
1137 3052 1397 3125 naturalongam

144 3165 203 3211 csse
224 3156 255 3213 et
277 3154 311 3213 in
333 3154 405 3228 ipsa
428 3155 534 3215 radice
558 3153 689 3228 longam
712 3153 813 3213 fuisse
837 3154 906 3214 iure
930 3154 1095 3228 statueris,
1119 3153 1266 3214 nonnulli
1286 3155 1397 3215 umen

145 3266 224 3313 casua
245 3258 426 3330 correptam
449 3289 488 3298 -
510 3256 567 3316 aut
591 3249 617 3315 si
643 3256 715 3328 quis
738 3254 867 3315 mavult
889 3255 1021 3315 brevem
1040 3288 1079 3297 -
1102 3254 1248 3343 vocalem
1272 3260 1397 3328 aprae-

145 3352 215 3428 bent,
248 3372 365 3431 nempe
405 3357 501 3417 multi
530 3357 723 3417 nominativi
757 3357 896 3417 vocativi
928 3357 1106 3416 accusativi
1138 3355 1312 3429 singularis
1342 3372 1397 3416 nu·

146 3458 221 3531 meri,
244 3474 270 3519 e.
290 3474 320 3532 g.
342 3463 440 3535 μοῦσᾶ
471 3458 577 3536 νύμφᾶ
599 3457 709 3517 inuitat
733 3462 839 3536 μοῐρᾶν
864 3461 936 3534 ete,
962 3461 996 3518 et
1017 3457 1153 3533 pluralis
1176 3458 1399 3518 nominativus

146 3558 172 3614 et
189 3560 390 3621 accusativus
412 3582 459 3618 -αι
482 3561 515 3620 et
537 3565 620 3634 -ἅνς;
653 3560 779 3634 syllaba
802 3561 914 3620 autem
938 3565 1006 3631 -ἄνς
1030 3560 1110 3620 abiit
1132 3561 1165 3620 in
1188 3573 1248 3634 -ᾶς,
1267 3561 1398 3634 perinde

145 3659 224 3732 atque
258 3662 291 3722 in
325 3661 437 3735 lingua
471 3661 590 3722 Attica.
627 3663 665 3721 In
695 3661 818 3721 Doricis
850 3676 926 3721 vero
958 3660 1106 3722 dialectis
1138 3661 1227 3735 olim,
1259 3662 1398 3722 testibus

145 3757 388 3836 inscriptionibus
413 3762 619 3823 Cretensibus
643 3765 675 3822 et
696 3763 836 3838 Argivis,
856 3763 1021 3823 dicebatur
1040 3784 1120 3839 -ανς,
1139 3765 1251 3836 postea
1272 3763 1398 3837 syllaba

145 3858 234 3924 linaiis
256 3865 486 3939 corripiebatur
508 3869 568 3940 -ἅς,
590 3864 629 3925 cf.
654 3865 672 3933 ἓ
698 3864 749 3923 57.

180 3963 375 4026 tentanum
411 3965 498 4026 valet
533 3967 571 4027 de
603 3966 742 4040 aoristis,
775 3964 887 4038 quales
919 3967 996 4026 sunt
1026 3964 1107 4043 ἰῆλαι
1130 3969 1263 4044 καθῆραι
1286 3964 1397 4044 αὐῆιαι

144 4060 211 4140 ι’ῆιαι
231 4075 334 4145 μιῆναι
353 4074 449 4144 φῆναι
473 4069 552 4142 etc.;
577 4067 632 4141 qui
651 4067 728 4126 licet
748 4082 790 4126 ex
808 4065 910 4125 -άλσαι
926 4065 1029 4144 -άρσαι
1049 4065 1154 4126 -άνσαι
1170 4068 1237 4128 sint
1249 4068 1320 4144 orti,
1334 4084 1397 4129 non

143 4166 238 4229 tamen
260 4170 434 4231 servarunt
457 4169 604 4230 vocalem
624 4190 643 4226 α
662 4170 719 4230 sed
739 4169 772 4228 in
792 4191 812 4244 η
833 4169 1012 4244 mutarunt,
1031 4170 1188 4242 tanquam
1209 4185 1269 4230 sua
1281 4171 1399 4229 natura

142 4266 267 4344 longam.
300 4271 368 4332 Hac
399 4285 526 4344 quoque
557 4271 590 4330 in
624 4285 659 4332 re
691 4270 829 4331 concinit
863 4271 1022 4330 dialectus
1053 4271 1173 4347 Attica,
1206 4286 1283 4330 nam
1315 4272 1399 4344 quod

140 4371 227 4433 Attici
249 4386 269 4430 ᾱ
290 4375 402 4434 tamen
426 4374 572 4433 scribunt
595 4372 625 4432 si
647 4373 809 4433 antecedit
832 4373 956 4433 vocalis
981 4371 1033 4433 vel
1046 4395 1072 4451 ρ,
1092 4372 1123 4432 id
1145 4373 1200 4432 vix
1221 4374 1283 4433 huc
1305 4374 1398 4447 perti·

139 4473 194 4531 net.
217 4473 388 4535 Homerica
407 4474 521 4533 autem
545 4463 697 4555 ἀγξηρὰνῃ
724 4473 753 4530 Φ
776 4473 839 4533 347
865 4474 898 4532 et
919 4469 1046 4549 ἐμάρανε
1068 4473 1100 4532 h.
1126 4472 1219 4534 Mero.
1247 4475 1310 4535 140
1334 4490 1398 4535 non

139 4585 226 4646 prave
249 4577 324 4636 sunt
342 4576 495 4651 formata,
520 4574 576 4634 sed
600 4576 780 4647 sequuntur
803 4573 910 4648 legem
935 4589 954 4633 a
978 4589 1042 4648 qua
1064 4575 1098 4634 in
1121 4575 1308 4636 huiusmodi
1332 4592 1398 4636 ver-
