3120 5124
531 1501 978 1587 PROLEGOMENA.

159 2025 208 2084 Ab
244 2039 292 2099 eo,
309 2023 378 2096 oui
409 2023 557 2084 dictionis
588 2024 697 2098 opicae
728 2025 816 2098 leges
847 2027 892 2085 eit
922 2024 1152 2098 descripturus,
1184 2022 1253 2080 iure
1285 2021 1392 2095 potest

112 2125 281 2199 expectari
300 2127 337 2183 ut
363 2125 553 2199 priusquam
572 2125 632 2186 hoc
651 2141 732 2201 opus
751 2126 957 2200 aggrediatur
975 2125 1008 2185 in
1028 2124 1188 2199 originem
1210 2122 1393 2182 carminum

112 2227 278 2301 epicorum
310 2226 480 2299 ipsamque
512 2229 659 2287 veterum
692 2229 862 2288 cantorum
892 2228 997 2287 artem
1030 2226 1107 2286 data
1133 2239 1230 2299 opera
1250 2223 1393 2296 inquirat

112 2342 275 2400 suamque
291 2326 329 2386 de
350 2327 390 2386 iis
410 2330 551 2401 exponat
566 2328 760 2402 opinionem.
778 2331 823 2388 At
842 2330 871 2387 si
891 2328 973 2403 quis,
994 2329 1106 2387 nostra
1126 2328 1234 2386 aetate
1251 2339 1393 2399 praeser-

113 2430 188 2504 tim,
205 2428 263 2504 „de
274 2428 437 2488 Homero’'
461 2428 701 2502 disputaturum
725 2446 761 2490 se
776 2429 976 2504 profiteatur,
993 2428 1163 2489 audaciam
1175 2441 1252 2501 prae
1264 2440 1300 2485 se
1312 2426 1396 2486 ferat

113 2529 171 2589 vix
194 2530 304 2589 minus
328 2529 478 2589 insanam
499 2544 596 2602 quam
628 2531 809 2606 sipontum
835 2532 961 2592 ebibere
985 2545 1022 2590 se
1046 2529 1129 2589 velle
1153 2528 1283 2588 diceret.
1306 2525 1391 2585 Nam

112 2633 216 2692 maris
250 2632 355 2690 instar
388 2633 439 2691 est
473 2633 580 2705 poesis
616 2633 806 2708 Homerica;
842 2633 944 2693 maris
979 2630 1113 2705 aeterni,
1149 2629 1241 2690 culus
1272 2626 1392 2686 fluctus

111 2733 268 2806 rhythmo
298 2731 422 2805 ingenti
444 2747 505 2792 nec
536 2748 679 2807 unquam
704 2735 926 2808 requiescente
950 2733 990 2793 ad
1015 2733 1111 2792 litora
1135 2732 1247 2790 nostra
1269 2728 1391 2802 provol-

111 2839 250 2908 vuntur3
277 2867 318 2877 -
345 2834 445 2894 maris
469 2834 633 2911 immensi,
658 2837 741 2909 quod
764 2835 975 2910 simplicitate
1000 2848 1060 2893 sua
1084 2832 1211 2893 animos
1233 2830 1273 2890 ad
1293 2829 1391 2890 admi·

110 2936 273 2995 rationem
296 2936 447 3010 proripit:
472 2936 559 2997 idem
582 2936 709 2998 infinita
733 2937 931 2998 abundantia
954 2950 1064 2995 rerum
1087 2933 1262 2995 observatu
1286 2930 1393 3004 digna·

112 3052 196 3111 rum,
228 3037 345 3108 quibus
376 3037 634 3111 pervestigandie
665 3054 705 3099 ne
737 3040 808 3098 tota
841 3036 972 3111 quidem
996 3036 1064 3095 vita
1088 3033 1239 3108 sufficiat,
1264 3033 1392 3092 mentes

111 3137 308 3212 percellens;
339 3138 427 3197 vitae
459 3138 530 3198 tons
562 3139 755 3216 altissimus
787 3140 880 3201 cuius
911 3138 1048 3198 fundum
1075 3136 1185 3197 nullus
1208 3134 1286 3194 dum
1310 3147 1392 3193 mor·

107 3239 230 3299 talium
259 3241 481 3313 perscrutatus
506 3242 572 3314 est;
605 3273 644 3284 —
664 3241 765 3301 maris
793 3243 844 3300 est
867 3241 971 3300 instar
993 3238 1102 3299 dilecti
1125 3236 1234 3311 pueris
1258 3234 1392 3294 lusitan-

115 3341 208 3401 tibue
255 3341 340 3401 inter
387 3341 526 3401 conchas
576 3342 769 3418 variegatas,
812 3341 928 3415 quibus
964 3342 1076 3401 aestus
1110 3337 1229 3398 stravit
1259 3350 1393 3409 arenas;

117 3442 227 3503 dilecti
264 3441 462 3518 philosophis
493 3456 609 3503 causas
641 3459 750 3504 rerum
781 3441 1016 3517 appetentibus,
1045 3441 1100 3514 qui
1122 3439 1197 3500 hino
1221 3436 1393 3511 aliquando

117 3546 341 3618 perspecturos
375 3558 410 3604 se
445 3546 577 3618 sperant
611 3546 780 3621 quomodo,
818 3534 954 3620 quando,
985 3543 1070 3603 unde
1103 3542 1171 3601 vita
1206 3538 1391 3611 emicuerit;

111 3644 221 3705 dilecti
265 3646 378 3721 poetis,
423 3647 540 3719 quibus
570 3647 635 3707 leni
666 3663 802 3707 susurru
835 3646 970 3707 tabellas
1003 3645 1140 3720 inspirat
1171 3657 1280 3702 rerum
1314 3641 1392 3701 olim

110 3747 293 3822 gestarum,
325 3750 381 3807 aut
412 3747 460 3807 ira
490 3748 634 3808 tremens
665 3749 783 3810 incutit
821 3748 962 3808 furorem
995 3747 1090 3807 illum
1123 3745 1178 3818 qui
1210 3743 1392 3804 carminum

108 3848 383 3923 grandisonorum
403 3848 585 3922 affectuque
605 3849 800 3911 ferventium
811 3852 863 3909 est
882 3847 1114 3909 feracissimus,
1129 3843 1230 3905 Ἔστιν
1241 3842 1391 3918 θάλασσα,

107 3950 152 4023 τίς
178 3946 212 4009 δέ
236 3970 287 4008 νιν
309 3945 501 4027 κατασβέσειῐ

152 4053 274 4124 Itaque
303 4064 343 4110 ne
366 4049 468 4111 nimia
491 4051 653 4112 moliendo
677 4054 780 4113 risum
802 4067 1006 4127 moveamus,
1030 4053 1088 4112 aut
1110 4050 1196 4110 ultra
1219 4048 1310 4124 fines,
1336 4049 1391 4122 qui

102 4157 201 4217 hisce
234 4152 470 4226 prolegomenis
501 4154 717 4215 constituendi
748 4155 888 4230 dierunt,
922 4154 1021 4214 latius
1052 4151 1210 4226 expatiari
1242 4150 1391 4211 materiei

100 4257 198 4320 mole
236 4268 400 4327 cogamur,
435 4268 537 4327 pauca
576 4270 594 4314 e
629 4256 743 4315 multis
778 4256 965 4328 selegamus
1000 4254 1126 4328 oportet
1160 4255 1193 4313 et
1228 4253 1391 4312 succincte

98 4361 307 4423 tractemus.
349 4355 493 4415 Strictim
532 4361 627 4417 erunt
659 4359 836 4432 tangenda¹
854 4372 936 4431 quae
979 4357 1085 4430 spissa
1129 4355 1191 4415 sibi
1224 4354 1392 4415 volumina

96 4461 250 4540 poscant
285 4456 314 4516 si
347 4457 419 4530 quis
455 4457 516 4518 rite
551 4458 598 4518 eis
629 4460 777 4534 perfungi
808 4460 902 4534 velit;
935 4458 1064 4519 eminus
1096 4456 1265 4517 indicanda
1296 4458 1391 4516 erunt

94 4563 220 4631 multa
250 4561 337 4619 inter
368 4573 449 4632 quae
479 4560 640 4621 demorari
667 4562 760 4623 dulce
792 4563 875 4623 toret
905 4576 963 4622 nec
994 4559 1127 4634 inutile;
1160 4556 1392 4633 praetereunda
