<?xml version="1.0" encoding="UTF-8"?>
<!DOCTYPE html PUBLIC "-//W3C//DTD XHTML 1.0 Transitional//EN"
    "http://www.w3.org/TR/xhtml1/DTD/xhtml1-transitional.dtd">
<html xmlns="http://www.w3.org/1999/xhtml" xml:lang="en" lang="en">
 <head>
  <title>
</title>
<meta http-equiv="Content-Type" content="text/html;charset=utf-8" />
  <meta name='ocr-system' content='tesseract 3.04.00' />
  <meta name='ocr-capabilities' content='ocr_page ocr_carea ocr_par ocr_line ocrx_word'/>
</head>
<body>
  <div class='ocr_page' id='page_1' title='image "./enchiridiumdict00leeugoog/enchiridiumdict00leeugoog_0328.png"; bbox 0 0 3120 5124; ppageno 0'>
   <div class='ocr_carea' id='block_1_1' title="bbox 171 410 240 478">
    <p class='ocr_par' dir='ltr' id='par_1_1' title="bbox 171 410 240 478">
     <span class='ocr_line' id='line_1_1' title="bbox 171 410 240 478; baseline 0 0"><span class='ocrx_word' id='word_1_1' title='bbox 171 411 185 478; x_wconf 81' lang='lat' dir='ltr'>l</span> <span class='ocrx_word' id='word_1_2' title='bbox 203 410 240 478; x_wconf 82' lang='lat' dir='ltr'>ib]</span> 
     </span>
    </p>
   </div>
   <div class='ocr_carea' id='block_1_2' title="bbox 159 593 1397 2496">
    <p class='ocr_par' dir='ltr' id='par_1_2' title="bbox 170 593 1397 771">
     <span class='ocr_line' id='line_1_2' title="bbox 202 593 1397 656; baseline -0.003 0"><span class='ocrx_word' id='word_1_3' title='bbox 202 595 372 656; x_wconf 77' lang='lat' dir='ltr'>leniuinum</span> <span class='ocrx_word' id='word_1_4' title='bbox 404 595 520 655; x_wconf 91' lang='lat' dir='ltr'>horum</span> <span class='ocrx_word' id='word_1_5' title='bbox 551 595 785 656; x_wconf 88' lang='lat' dir='ltr'>adlectivorum</span> <span class='ocrx_word' id='word_1_6' title='bbox 818 596 851 655; x_wconf 91' lang='lat' dir='ltr'>in</span> <span class='ocrx_word' id='word_1_7' title='bbox 882 599 941 654; x_wconf 84' lang='grc' dir='ltr'><strong><em>-εῖα</em></strong></span> <span class='ocrx_word' id='word_1_8' title='bbox 973 596 1042 655; x_wconf 85' lang='lat' dir='ltr'>exit</span> <span class='ocrx_word' id='word_1_9' title='bbox 1076 598 1109 655; x_wconf 89' lang='lat' dir='ltr'>et</span> <span class='ocrx_word' id='word_1_10' title='bbox 1142 594 1239 655; x_wconf 89' lang='lat' dir='ltr'>solita</span> <span class='ocrx_word' id='word_1_11' title='bbox 1273 593 1397 654; x_wconf 89' lang='lat' dir='ltr'>ratione</span> 
     </span>
     <span class='ocr_line' id='line_1_3' title="bbox 170 697 831 771; baseline 0 -13"><span class='ocrx_word' id='word_1_12' title='bbox 170 698 277 759; x_wconf 87' lang='lat' dir='ltr'>lectitur.</span> <span class='ocrx_word' id='word_1_13' title='bbox 297 698 484 771; x_wconf 85' lang='lat' dir='ltr'>Discrepant</span> <span class='ocrx_word' id='word_1_14' title='bbox 508 699 620 757; x_wconf 86' lang='lat' dir='ltr'>tamen</span> <span class='ocrx_word' id='word_1_15' title='bbox 644 697 831 770; x_wconf 79' lang='lat' dir='ltr'>sequentia:</span> 
     </span>
    </p>

    <p class='ocr_par' dir='ltr' id='par_1_3' title="bbox 168 793 1397 1081">
     <span class='ocr_line' id='line_1_4' title="bbox 200 793 1395 876; baseline -0.001 -18"><span class='ocrx_word' id='word_1_16' title='bbox 200 800 220 868; x_wconf 86' lang='grc'>1)</span> <span class='ocrx_word' id='word_1_17' title='bbox 237 795 332 876; x_wconf 68' lang='lat' dir='ltr'>ittig,</span> <span class='ocrx_word' id='word_1_18' title='bbox 352 798 429 859; x_wconf 79' lang='lat' dir='ltr'>fem.</span> <span class='ocrx_word' id='word_1_19' title='bbox 454 813 526 870; x_wconf 81' lang='lat' dir='ltr'>gen.</span> <span class='ocrx_word' id='word_1_20' title='bbox 550 794 665 876; x_wconf 78' lang='grc' dir='ltr'><em>βαθέης</em></span> <span class='ocrx_word' id='word_1_21' title='bbox 680 800 707 856; x_wconf 82' lang='grc' dir='ltr'><em>Ε</em></span> <span class='ocrx_word' id='word_1_22' title='bbox 730 799 791 857; x_wconf 83' lang='grc'>142</span> <span class='ocrx_word' id='word_1_23' title='bbox 815 800 840 856; x_wconf 96' lang='grc'><strong><em>0</em></strong></span> <span class='ocrx_word' id='word_1_24' title='bbox 864 800 927 859; x_wconf 88' lang='grc'>606</span> <span class='ocrx_word' id='word_1_25' title='bbox 952 800 981 856; x_wconf 86' lang='grc' dir='ltr'><em>Φ</em></span> <span class='ocrx_word' id='word_1_26' title='bbox 1001 800 1075 873; x_wconf 79' lang='grc'><strong>213,</strong></span> <span class='ocrx_word' id='word_1_27' title='bbox 1097 813 1163 858; x_wconf 81' lang='lat' dir='ltr'>acc.</span> <span class='ocrx_word' id='word_1_28' title='bbox 1184 793 1302 874; x_wconf 77' lang='grc' dir='ltr'><strong><em>βαθέην</em></strong></span> <span class='ocrx_word' id='word_1_29' title='bbox 1323 797 1395 869; x_wconf 79' lang='lat' dir='ltr'>(leg.</span> 
     </span>
     <span class='ocr_line' id='line_1_5' title="bbox 169 896 1397 977; baseline 0 -20"><span class='ocrx_word' id='word_1_30' title='bbox 169 896 269 977; x_wconf 71' lang='grc' dir='ltr'><strong><em>’βαθέαα</em></strong></span> <span class='ocrx_word' id='word_1_31' title='bbox 297 901 335 961; x_wconf 83' lang='lat' dir='ltr'>ci.</span> <span class='ocrx_word' id='word_1_32' title='bbox 368 915 399 975; x_wconf 87' lang='lat' dir='ltr'>p.</span> <span class='ocrx_word' id='word_1_33' title='bbox 433 900 485 971; x_wconf 84' lang='grc'>28)</span> <span class='ocrx_word' id='word_1_34' title='bbox 510 902 544 958; x_wconf 88' lang='grc' dir='ltr'><em>Π</em></span> <span class='ocrx_word' id='word_1_35' title='bbox 568 902 642 961; x_wconf 85' lang='grc'>766.</span> <span class='ocrx_word' id='word_1_36' title='bbox 675 899 745 960; x_wconf 89' lang='lat' dir='ltr'>Vid.</span> <span class='ocrx_word' id='word_1_37' title='bbox 777 901 795 970; x_wconf 71' lang='grc'>6</span> <span class='ocrx_word' id='word_1_38' title='bbox 830 902 879 960; x_wconf 81' lang='lat'>17.</span> <span class='ocrx_word' id='word_1_39' title='bbox 905 933 946 942; x_wconf 89' lang='lat'>—</span> <span class='ocrx_word' id='word_1_40' title='bbox 972 900 1058 960; x_wconf 84' lang='lat' dir='ltr'>Alibi</span> <span class='ocrx_word' id='word_1_41' title='bbox 1090 900 1212 959; x_wconf 82' lang='lat' dir='ltr'>formae</span> <span class='ocrx_word' id='word_1_42' title='bbox 1246 897 1397 972; x_wconf 83' lang='lat' dir='ltr'>vulgares</span> 
     </span>
     <span class='ocr_line' id='line_1_6' title="bbox 168 1001 673 1081; baseline 0.006 -21"><span class='ocrx_word' id='word_1_43' title='bbox 168 1001 257 1078; x_wconf 77' lang='grc' dir='ltr'><strong><em>βαθεῖαν</em></strong></span> <span class='ocrx_word' id='word_1_44' title='bbox 275 1001 400 1081; x_wconf 77' lang='grc' dir='ltr'><strong><em>βαθείης</em></strong></span> <span class='ocrx_word' id='word_1_45' title='bbox 424 1005 486 1064; x_wconf 90' lang='lat' dir='ltr'>etc.</span> <span class='ocrx_word' id='word_1_46' title='bbox 511 1002 673 1076; x_wconf 85' lang='lat' dir='ltr'>leguntur.</span> 
     </span>
    </p>

    <p class='ocr_par' dir='ltr' id='par_1_4' title="bbox 164 1088 1395 1694">
     <span class='ocr_line' id='line_1_7' title="bbox 196 1088 1394 1181; baseline -0.002 -19"><span class='ocrx_word' id='word_1_47' title='bbox 196 1104 217 1174; x_wconf 84' lang='grc'>1)</span> <span class='ocrx_word' id='word_1_48' title='bbox 239 1088 315 1181; x_wconf 72' lang='grc' dir='ltr'><strong><em>ὠκύς,</em></strong></span> <span class='ocrx_word' id='word_1_49' title='bbox 346 1106 423 1166; x_wconf 83' lang='lat' dir='ltr'>fem.</span> <span class='ocrx_word' id='word_1_50' title='bbox 456 1099 543 1180; x_wconf 76' lang='grc' dir='ltr'><strong><em>ὠκέα,</em></strong></span> <span class='ocrx_word' id='word_1_51' title='bbox 572 1105 606 1164; x_wconf 91' lang='lat' dir='ltr'>in</span> <span class='ocrx_word' id='word_1_52' title='bbox 629 1104 770 1165; x_wconf 86' lang='lat' dir='ltr'>formula</span> <span class='ocrx_word' id='word_1_53' title='bbox 793 1102 963 1179; x_wconf 77' lang='grc' dir='ltr'><strong><em>ποδήνεμος</em></strong></span> <span class='ocrx_word' id='word_1_54' title='bbox 987 1098 1064 1162; x_wconf 93' lang='grc' dir='ltr'><strong><em>ὠκέα</em></strong></span> <span class='ocrx_word' id='word_1_55' title='bbox 1089 1104 1172 1179; x_wconf 65' lang='grc' dir='ltr'><strong><em>αἴρας</em></strong></span> <span class='ocrx_word' id='word_1_56' title='bbox 1196 1104 1220 1160; x_wconf 89' lang='grc' dir='ltr'><strong><em>Β</em></strong></span> <span class='ocrx_word' id='word_1_57' title='bbox 1246 1103 1308 1161; x_wconf 83' lang='grc'>786</span> <span class='ocrx_word' id='word_1_58' title='bbox 1334 1103 1394 1160; x_wconf 89' lang='lat' dir='ltr'>etc.</span> 
     </span>
     <span class='ocr_line' id='line_1_8' title="bbox 167 1202 1395 1287; baseline -0.003 -22"><span class='ocrx_word' id='word_1_59' title='bbox 167 1205 200 1265; x_wconf 89' lang='lat' dir='ltr'>vel</span> <span class='ocrx_word' id='word_1_60' title='bbox 223 1205 301 1279; x_wconf 78' lang='grc' dir='ltr'><strong><em>πόδας</em></strong></span> <span class='ocrx_word' id='word_1_61' title='bbox 332 1202 410 1266; x_wconf 80' lang='grc' dir='ltr'><strong><em>ὠκέα</em></strong></span> <span class='ocrx_word' id='word_1_62' title='bbox 441 1208 525 1287; x_wconf 66' lang='lat' dir='ltr'>Piper</span> <span class='ocrx_word' id='word_1_63' title='bbox 555 1208 580 1266; x_wconf 87' lang='grc' dir='ltr'><strong><em>Β</em></strong></span> <span class='ocrx_word' id='word_1_64' title='bbox 613 1208 677 1268; x_wconf 81' lang='lat'>790</span> <span class='ocrx_word' id='word_1_65' title='bbox 707 1209 780 1282; x_wconf 83' lang='lat' dir='ltr'>etc,</span> <span class='ocrx_word' id='word_1_66' title='bbox 805 1222 868 1280; x_wconf 86' lang='lat' dir='ltr'>qua</span> <span class='ocrx_word' id='word_1_67' title='bbox 891 1205 1052 1267; x_wconf 81' lang='lat' dir='ltr'><strong>clauditur</strong></span> <span class='ocrx_word' id='word_1_68' title='bbox 1076 1206 1283 1277; x_wconf 85' lang='lat' dir='ltr'>hexameter;</span> <span class='ocrx_word' id='word_1_69' title='bbox 1309 1217 1395 1277; x_wconf 89' lang='lat' dir='ltr'>prae·</span> 
     </span>
     <span class='ocr_line' id='line_1_9' title="bbox 165 1297 1394 1388; baseline -0.002 -22"><span class='ocrx_word' id='word_1_70' title='bbox 165 1307 225 1368; x_wconf 82' lang='lat' dir='ltr'>terea</span> <span class='ocrx_word' id='word_1_71' title='bbox 244 1311 273 1368; x_wconf 80' lang='grc' dir='ltr'>Ψ</span> <span class='ocrx_word' id='word_1_72' title='bbox 291 1310 353 1369; x_wconf 87' lang='grc'>198</span> <span class='ocrx_word' id='word_1_73' title='bbox 377 1304 455 1368; x_wconf 81' lang='grc' dir='ltr'><strong><em>ὠκέα</em></strong></span> <span class='ocrx_word' id='word_1_74' title='bbox 477 1302 510 1368; x_wconf 87' lang='lat' dir='ltr'>‹i’</span> <span class='ocrx_word' id='word_1_75' title='bbox 530 1297 602 1388; x_wconf 81' lang='grc' dir='ltr'><strong><em>Ἷμις</em></strong></span> <span class='ocrx_word' id='word_1_76' title='bbox 626 1310 744 1383; x_wconf 89' lang='lat' dir='ltr'>legitur</span> <span class='ocrx_word' id='word_1_77' title='bbox 767 1311 800 1369; x_wconf 92' lang='lat' dir='ltr'>in</span> <span class='ocrx_word' id='word_1_78' title='bbox 823 1325 939 1370; x_wconf 89' lang='lat' dir='ltr'>versus</span> <span class='ocrx_word' id='word_1_79' title='bbox 961 1307 1035 1383; x_wconf 87' lang='lat' dir='ltr'>flue,</span> <span class='ocrx_word' id='word_1_80' title='bbox 1060 1307 1116 1368; x_wconf 93' lang='lat' dir='ltr'>sed</span> <span class='ocrx_word' id='word_1_81' title='bbox 1143 1322 1207 1366; x_wconf 92' lang='lat' dir='ltr'>non</span> <span class='ocrx_word' id='word_1_82' title='bbox 1230 1307 1394 1378; x_wconf 89' lang='lat' dir='ltr'>integrum</span> 
     </span>
     <span class='ocr_line' id='line_1_10' title="bbox 165 1397 1394 1486; baseline -0.004 -17"><span class='ocrx_word' id='word_1_83' title='bbox 165 1422 213 1469; x_wconf 83' lang='lat' dir='ltr'>asse</span> <span class='ocrx_word' id='word_1_84' title='bbox 234 1409 315 1472; x_wconf 88' lang='lat' dir='ltr'>illum</span> <span class='ocrx_word' id='word_1_85' title='bbox 345 1410 454 1471; x_wconf 90' lang='lat' dir='ltr'>locum</span> <span class='ocrx_word' id='word_1_86' title='bbox 484 1412 578 1472; x_wconf 89' lang='lat' dir='ltr'>decet</span> <span class='ocrx_word' id='word_1_87' title='bbox 600 1411 766 1485; x_wconf 87' lang='lat' dir='ltr'>digamma</span> <span class='ocrx_word' id='word_1_88' title='bbox 789 1411 984 1486; x_wconf 86' lang='lat' dir='ltr'>neglectum,</span> <span class='ocrx_word' id='word_1_89' title='bbox 1008 1409 1145 1482; x_wconf 83' lang='lat' dir='ltr'>Bentley</span> <span class='ocrx_word' id='word_1_90' title='bbox 1169 1408 1309 1469; x_wconf 84' lang='lat' dir='ltr'>correxit</span> <span class='ocrx_word' id='word_1_91' title='bbox 1332 1397 1394 1465; x_wconf 82' lang='grc' dir='ltr'><strong><em>ὦκα</em></strong></span> 
     </span>
     <span class='ocr_line' id='line_1_11' title="bbox 165 1503 1395 1594; baseline -0.005 -21"><span class='ocrx_word' id='word_1_92' title='bbox 165 1503 391 1590; x_wconf 63' lang='grc' dir='ltr'><strong>6661611111)ἱᾶ</strong></span> <span class='ocrx_word' id='word_1_93' title='bbox 415 1515 466 1573; x_wconf 80' lang='lat' dir='ltr'>est</span> <span class='ocrx_word' id='word_1_94' title='bbox 488 1513 590 1573; x_wconf 76' lang='lat' dir='ltr'>etiam</span> <span class='ocrx_word' id='word_1_95' title='bbox 611 1513 707 1573; x_wconf 80' lang='lat' dir='ltr'>lectio</span> <span class='ocrx_word' id='word_1_96' title='bbox 731 1535 751 1589; x_wconf 88' lang='grc' dir='ltr'>μ</span> <span class='ocrx_word' id='word_1_97' title='bbox 776 1513 840 1572; x_wconf 83' lang='grc'>374</span> <span class='ocrx_word' id='word_1_98' title='bbox 862 1507 938 1571; x_wconf 77' lang='grc' dir='ltr'><strong><em>ὠκέα</em></strong></span> <span class='ocrx_word' id='word_1_99' title='bbox 961 1506 993 1570; x_wconf 79' lang='grc' dir='ltr'>δ’</span> <span class='ocrx_word' id='word_1_100' title='bbox 1016 1505 1120 1594; x_wconf 78' lang='grc' dir='ltr'><strong><em>Ἠελίῳ</em></strong></span> <span class='ocrx_word' id='word_1_101' title='bbox 1139 1504 1287 1588; x_wconf 69' lang='grc' dir='ltr'><strong><em>Ὑπερίονι</em></strong></span> <span class='ocrx_word' id='word_1_102' title='bbox 1310 1504 1395 1587; x_wconf 73' lang='grc' dir='ltr'><em>ἅγγε-</em></span> 
     </span>
     <span class='ocr_line' id='line_1_12' title="bbox 164 1602 1393 1694; baseline 0 -23"><span class='ocrx_word' id='word_1_103' title='bbox 164 1602 273 1690; x_wconf 72' lang='grc' dir='ltr'><strong>ὶοςῆ13ε</strong></span> <span class='ocrx_word' id='word_1_104' title='bbox 290 1607 295 1694; x_wconf 91' lang='grc' dir='ltr'>Ι</span> <span class='ocrx_word' id='word_1_105' title='bbox 315 1613 474 1691; x_wconf 74' lang='grc' dir='ltr'><strong><em>Λαμπετίη</em></strong></span> <span class='ocrx_word' id='word_1_106' title='bbox 497 1615 569 1689; x_wconf 82' lang='lat' dir='ltr'>etc,</span> <span class='ocrx_word' id='word_1_107' title='bbox 596 1614 649 1673; x_wconf 93' lang='lat' dir='ltr'>ubi</span> <span class='ocrx_word' id='word_1_108' title='bbox 674 1605 736 1672; x_wconf 86' lang='grc' dir='ltr'><strong><em>ὠκα</em></strong></span> <span class='ocrx_word' id='word_1_109' title='bbox 760 1616 793 1674; x_wconf 92' lang='lat' dir='ltr'>et</span> <span class='ocrx_word' id='word_1_110' title='bbox 816 1609 895 1685; x_wconf 81' lang='grc' dir='ltr'><strong><em>ὠκύς</em></strong></span> <span class='ocrx_word' id='word_1_111' title='bbox 925 1615 1003 1673; x_wconf 92' lang='lat' dir='ltr'>sunt</span> <span class='ocrx_word' id='word_1_112' title='bbox 1026 1613 1046 1672; x_wconf 92' lang='lat' dir='ltr'>l.</span> <span class='ocrx_word' id='word_1_113' title='bbox 1072 1628 1100 1672; x_wconf 89' lang='lat' dir='ltr'>a.</span> <span class='ocrx_word' id='word_1_114' title='bbox 1129 1602 1218 1682; x_wconf 81' lang='grc' dir='ltr'><strong><em>(·ὠκα</em></strong></span> <span class='ocrx_word' id='word_1_115' title='bbox 1243 1605 1274 1670; x_wconf 81' lang='grc' dir='ltr'>δ’</span> <span class='ocrx_word' id='word_1_116' title='bbox 1301 1605 1393 1689; x_wconf 63' lang='lat' dir='ltr'>ddi).</span> 
     </span>
    </p>

    <p class='ocr_par' dir='ltr' id='par_1_5' title="bbox 164 1712 1394 1989">
     <span class='ocr_line' id='line_1_13' title="bbox 193 1712 1394 1794; baseline -0.001 -23"><span class='ocrx_word' id='word_1_117' title='bbox 193 1713 214 1781; x_wconf 83' lang='grc'>3)</span> <span class='ocrx_word' id='word_1_118' title='bbox 237 1712 326 1792; x_wconf 64' lang='lat' dir='ltr'>circle,</span> <span class='ocrx_word' id='word_1_119' title='bbox 355 1716 432 1777; x_wconf 79' lang='lat' dir='ltr'>fem.</span> <span class='ocrx_word' id='word_1_120' title='bbox 458 1714 532 1792; x_wconf 82' lang='grc' dir='ltr'><strong><em>αι’πή</em></strong></span> <span class='ocrx_word' id='word_1_121' title='bbox 564 1716 598 1774; x_wconf 88' lang='grc' dir='ltr'><em>Ν</em></span> <span class='ocrx_word' id='word_1_122' title='bbox 624 1717 688 1776; x_wconf 81' lang='lat'>625</span> <span class='ocrx_word' id='word_1_123' title='bbox 713 1738 731 1794; x_wconf 79' lang='grc' dir='ltr'><em>γ</em></span> <span class='ocrx_word' id='word_1_124' title='bbox 757 1716 820 1775; x_wconf 87' lang='grc'>130</span> <span class='ocrx_word' id='word_1_125' title='bbox 843 1719 867 1773; x_wconf 80' lang='grc' dir='ltr'><em>θ</em></span> <span class='ocrx_word' id='word_1_126' title='bbox 891 1716 954 1776; x_wconf 81' lang='grc'><strong>516</strong></span> <span class='ocrx_word' id='word_1_127' title='bbox 978 1736 996 1771; x_wconf 90' lang='grc' dir='ltr'>ν</span> <span class='ocrx_word' id='word_1_128' title='bbox 1022 1716 1096 1789; x_wconf 86' lang='grc'>316,</span> <span class='ocrx_word' id='word_1_129' title='bbox 1122 1713 1199 1774; x_wconf 89' lang='lat' dir='ltr'>alibi</span> <span class='ocrx_word' id='word_1_130' title='bbox 1221 1712 1329 1771; x_wconf 82' lang='grc' dir='ltr'><strong><em>αἰπεῖα.</em></strong></span> <span class='ocrx_word' id='word_1_131' title='bbox 1351 1746 1394 1754; x_wconf 81' lang='grc'><strong><em>-</em></strong></span> 
     </span>
     <span class='ocr_line' id='line_1_14' title="bbox 164 1811 1393 1893; baseline 0.001 -23"><span class='ocrx_word' id='word_1_132' title='bbox 164 1811 324 1878; x_wconf 85' lang='lat' dir='ltr'>lieniniuo</span> <span class='ocrx_word' id='word_1_133' title='bbox 347 1815 421 1893; x_wconf 79' lang='grc' dir='ltr'><strong><em>αἰπή</em></strong></span> <span class='ocrx_word' id='word_1_134' title='bbox 445 1817 542 1878; x_wconf 86' lang='lat' dir='ltr'>ducta</span> <span class='ocrx_word' id='word_1_135' title='bbox 565 1819 616 1877; x_wconf 89' lang='lat' dir='ltr'>est</span> <span class='ocrx_word' id='word_1_136' title='bbox 640 1832 724 1876; x_wconf 90' lang='lat' dir='ltr'>nove</span> <span class='ocrx_word' id='word_1_137' title='bbox 747 1819 780 1876; x_wconf 93' lang='lat' dir='ltr'>et</span> <span class='ocrx_word' id='word_1_138' title='bbox 804 1821 956 1891; x_wconf 89' lang='lat' dir='ltr'>suspecta</span> <span class='ocrx_word' id='word_1_139' title='bbox 986 1815 1092 1876; x_wconf 85' lang='lat' dir='ltr'>forma</span> <span class='ocrx_word' id='word_1_140' title='bbox 1116 1814 1261 1891; x_wconf 77' lang='grc' dir='ltr'><strong><em>αἱπήεσσα</em></strong></span> <span class='ocrx_word' id='word_1_141' title='bbox 1288 1817 1317 1873; x_wconf 85' lang='grc' dir='ltr'><em>Φ</em></span> <span class='ocrx_word' id='word_1_142' title='bbox 1340 1813 1393 1889; x_wconf 83' lang='lat'>87,</span> 
     </span>
     <span class='ocr_line' id='line_1_15' title="bbox 164 1911 428 1989; baseline 0.034 -18"><span class='ocrx_word' id='word_1_143' title='bbox 164 1911 428 1989; x_wconf 49' lang='lat' dir='ltr'>ammi&amp;</span> 
     </span>
    </p>

    <p class='ocr_par' dir='ltr' id='par_1_6' title="bbox 190 2016 1370 2098">
     <span class='ocr_line' id='line_1_16' title="bbox 190 2016 1370 2098; baseline 0.004 -27"><span class='ocrx_word' id='word_1_144' title='bbox 190 2016 211 2084; x_wconf 83' lang='lat' dir='ltr'>ll</span> <span class='ocrx_word' id='word_1_145' title='bbox 227 2017 354 2098; x_wconf 78' lang='grc' dir='ltr'>πμεσβΰς,</span> <span class='ocrx_word' id='word_1_146' title='bbox 377 2021 453 2080; x_wconf 85' lang='lat' dir='ltr'>fem.</span> <span class='ocrx_word' id='word_1_147' title='bbox 478 2016 592 2098; x_wconf 74' lang='grc' dir='ltr'><strong><em>πρέσβα</em></strong></span> <span class='ocrx_word' id='word_1_148' title='bbox 617 2021 646 2077; x_wconf 85' lang='grc' dir='ltr'><strong><em>Ε</em></strong></span> <span class='ocrx_word' id='word_1_149' title='bbox 671 2022 731 2079; x_wconf 78' lang='grc'>121</span> <span class='ocrx_word' id='word_1_150' title='bbox 761 2020 786 2079; x_wconf 85' lang='grc' dir='ltr'>Θ</span> <span class='ocrx_word' id='word_1_151' title='bbox 811 2021 874 2080; x_wconf 89' lang='grc'>383</span> <span class='ocrx_word' id='word_1_152' title='bbox 900 2016 928 2082; x_wconf 83' lang='grc' dir='ltr'><em>Ξ</em></span> <span class='ocrx_word' id='word_1_153' title='bbox 951 2021 1023 2096; x_wconf 87' lang='grc'><strong>194,</strong></span> <span class='ocrx_word' id='word_1_154' title='bbox 1050 2022 1113 2080; x_wconf 85' lang='grc'>243</span> <span class='ocrx_word' id='word_1_155' title='bbox 1141 2022 1167 2077; x_wconf 86' lang='lat' dir='ltr'><em>T</em></span> <span class='ocrx_word' id='word_1_156' title='bbox 1188 2021 1229 2079; x_wconf 87' lang='lat'>91</span> <span class='ocrx_word' id='word_1_157' title='bbox 1258 2019 1370 2098; x_wconf 78' lang='grc' dir='ltr'><strong><em>μ452.</em></strong></span> 
     </span>
    </p>

    <p class='ocr_par' dir='ltr' id='par_1_7' title="bbox 159 2107 1394 2496">
     <span class='ocr_line' id='line_1_17' title="bbox 189 2107 1393 2197; baseline 0.002 -22"><span class='ocrx_word' id='word_1_158' title='bbox 189 2115 318 2182; x_wconf 84' lang='lat' dir='ltr'>Neutrum</span> <span class='ocrx_word' id='word_1_159' title='bbox 347 2107 435 2197; x_wconf 82' lang='lat' dir='ltr'>plur.</span> <span class='ocrx_word' id='word_1_160' title='bbox 472 2121 623 2182; x_wconf 88' lang='lat' dir='ltr'>adiectivi</span> <span class='ocrx_word' id='word_1_161' title='bbox 657 2120 748 2191; x_wconf 85' lang='grc' dir='ltr'><strong><em>αἰπύς</em></strong></span> <span class='ocrx_word' id='word_1_162' title='bbox 784 2124 834 2182; x_wconf 90' lang='lat' dir='ltr'>est</span> <span class='ocrx_word' id='word_1_163' title='bbox 869 2109 943 2180; x_wconf 73' lang='grc' dir='ltr'><strong><em>αἰπώ</em></strong></span> <span class='ocrx_word' id='word_1_164' title='bbox 981 2122 1006 2180; x_wconf 87' lang='grc' dir='ltr'>Θ</span> <span class='ocrx_word' id='word_1_165' title='bbox 1041 2123 1105 2182; x_wconf 87' lang='grc'>369</span> <span class='ocrx_word' id='word_1_166' title='bbox 1143 2123 1172 2179; x_wconf 85' lang='grc' dir='ltr'><em>Φ</em></span> <span class='ocrx_word' id='word_1_167' title='bbox 1207 2121 1236 2180; x_wconf 86' lang='grc'>9.</span> <span class='ocrx_word' id='word_1_168' title='bbox 1273 2119 1393 2179; x_wconf 81' lang='lat' dir='ltr'>Eadem</span> 
     </span>
     <span class='ocr_line' id='line_1_18' title="bbox 160 2217 1394 2300; baseline 0.004 -27"><span class='ocrx_word' id='word_1_169' title='bbox 160 2217 246 2281; x_wconf 84' lang='lat' dir='ltr'>ratione</span> <span class='ocrx_word' id='word_1_170' title='bbox 273 2223 413 2284; x_wconf 78' lang='lat' dir='ltr'>formata</span> <span class='ocrx_word' id='word_1_171' title='bbox 444 2225 522 2283; x_wconf 88' lang='lat' dir='ltr'>sunt</span> <span class='ocrx_word' id='word_1_172' title='bbox 552 2225 631 2283; x_wconf 88' lang='lat' dir='ltr'>haec</span> <span class='ocrx_word' id='word_1_173' title='bbox 662 2223 809 2300; x_wconf 87' lang='lat' dir='ltr'>pluralia,</span> <span class='ocrx_word' id='word_1_174' title='bbox 843 2239 925 2296; x_wconf 86' lang='lat' dir='ltr'>quae</span> <span class='ocrx_word' id='word_1_175' title='bbox 957 2224 1183 2283; x_wconf 86' lang='lat' dir='ltr'>adverbiorum</span> <span class='ocrx_word' id='word_1_176' title='bbox 1212 2222 1280 2281; x_wconf 90' lang='lat' dir='ltr'>loco</span> <span class='ocrx_word' id='word_1_177' title='bbox 1305 2235 1394 2280; x_wconf 88' lang='lat' dir='ltr'>usur·</span> 
     </span>
     <span class='ocr_line' id='line_1_19' title="bbox 159 2313 1394 2404; baseline -0.008 -15"><span class='ocrx_word' id='word_1_178' title='bbox 159 2320 256 2389; x_wconf 68' lang='lat' dir='ltr'>pilitus:</span> <span class='ocrx_word' id='word_1_179' title='bbox 288 2315 360 2401; x_wconf 79' lang='grc' dir='ltr'><strong><em>ὦκα,</em></strong></span> <span class='ocrx_word' id='word_1_180' title='bbox 394 2323 476 2403; x_wconf 67' lang='lat' dir='ltr'>cdxci,</span> <span class='ocrx_word' id='word_1_181' title='bbox 508 2322 585 2404; x_wconf 63' lang='lat' dir='ltr'>aba,</span> <span class='ocrx_word' id='word_1_182' title='bbox 614 2313 700 2401; x_wconf 67' lang='grc' dir='ltr'><strong><em>θαμώ</em></strong></span> <span class='ocrx_word' id='word_1_183' title='bbox 724 2320 757 2399; x_wconf 85' lang='lat'>¹),</span> <span class='ocrx_word' id='word_1_184' title='bbox 793 2326 833 2384; x_wconf 82' lang='lat' dir='ltr'>ab</span> <span class='ocrx_word' id='word_1_185' title='bbox 868 2325 1037 2385; x_wconf 78' lang='lat' dir='ltr'>adlectivis</span> <span class='ocrx_word' id='word_1_186' title='bbox 1074 2320 1152 2394; x_wconf 86' lang='grc' dir='ltr'><strong><em>ὠκύς</em></strong></span> <span class='ocrx_word' id='word_1_187' title='bbox 1187 2321 1276 2400; x_wconf 81' lang='grc' dir='ltr'><strong><em>ταχύς</em></strong></span> <span class='ocrx_word' id='word_1_188' title='bbox 1311 2321 1394 2400; x_wconf 78' lang='grc' dir='ltr'><strong><em>λιγύς</em></strong></span> 
     </span>
     <span class='ocr_line' id='line_1_20' title="bbox 160 2421 489 2496; baseline 0.012 -15"><span class='ocrx_word' id='word_1_189' title='bbox 160 2421 232 2496; x_wconf 57' lang='lat' dir='ltr'>inpie</span> <span class='ocrx_word' id='word_1_190' title='bbox 250 2421 277 2495; x_wconf 84' lang='lat'>²).</span> <span class='ocrx_word' id='word_1_191' title='bbox 302 2425 347 2488; x_wconf 82' lang='lat' dir='ltr'>cf.</span> <span class='ocrx_word' id='word_1_192' title='bbox 373 2427 391 2495; x_wconf 69' lang='grc' dir='ltr'><strong>ἓ</strong></span> <span class='ocrx_word' id='word_1_193' title='bbox 416 2427 489 2486; x_wconf 84' lang='grc'><strong>320.</strong></span> 
     </span>
    </p>
   </div>
   <div class='ocr_carea' id='block_1_3' title="bbox 147 2633 1394 3636">
    <p class='ocr_par' dir='ltr' id='par_1_8' title="bbox 153 2633 1394 3124">
     <span class='ocr_line' id='line_1_21' title="bbox 188 2633 1393 2717; baseline 0.003 -22"><span class='ocrx_word' id='word_1_194' title='bbox 188 2633 255 2698; x_wconf 86' lang='lat' dir='ltr'>Inter</span> <span class='ocrx_word' id='word_1_195' title='bbox 282 2640 442 2702; x_wconf 88' lang='lat' dir='ltr'>adiectiva</span> <span class='ocrx_word' id='word_1_196' title='bbox 475 2642 509 2701; x_wconf 92' lang='lat' dir='ltr'>in</span> <span class='ocrx_word' id='word_1_197' title='bbox 539 2638 589 2713; x_wconf 77' lang='grc' dir='ltr'>-ὠς</span> <span class='ocrx_word' id='word_1_198' title='bbox 619 2657 695 2717; x_wconf 91' lang='lat' dir='ltr'>prae</span> <span class='ocrx_word' id='word_1_199' title='bbox 728 2643 845 2703; x_wconf 88' lang='lat' dir='ltr'>ceteris</span> <span class='ocrx_word' id='word_1_200' title='bbox 878 2644 992 2702; x_wconf 88' lang='lat' dir='ltr'>notatu</span> <span class='ocrx_word' id='word_1_201' title='bbox 1014 2642 1148 2715; x_wconf 90' lang='lat' dir='ltr'>dignum</span> <span class='ocrx_word' id='word_1_202' title='bbox 1172 2642 1223 2700; x_wconf 89' lang='lat' dir='ltr'>est</span> <span class='ocrx_word' id='word_1_203' title='bbox 1247 2637 1302 2717; x_wconf 78' lang='grc' dir='ltr'>ἠύς</span> <span class='ocrx_word' id='word_1_204' title='bbox 1316 2677 1329 2684; x_wconf 98' lang='grc'>-</span> <span class='ocrx_word' id='word_1_205' title='bbox 1343 2637 1393 2711; x_wconf 80' lang='grc' dir='ltr'>ἒύς</span> 
     </span>
     <span class='ocr_line' id='line_1_22' title="bbox 157 2735 1394 2822; baseline -0.002 -19"><span class='ocrx_word' id='word_1_206' title='bbox 157 2735 297 2818; x_wconf 71' lang='lat' dir='ltr'>iis-517),</span> <span class='ocrx_word' id='word_1_207' title='bbox 321 2758 387 2804; x_wconf 89' lang='lat' dir='ltr'>acc.</span> <span class='ocrx_word' id='word_1_208' title='bbox 412 2739 571 2819; x_wconf 77' lang='grc' dir='ltr'><strong><em>ἠΰν-ἐΰν,</em></strong></span> <span class='ocrx_word' id='word_1_209' title='bbox 601 2745 705 2804; x_wconf 88' lang='lat' dir='ltr'>neutr.</span> <span class='ocrx_word' id='word_1_210' title='bbox 738 2741 785 2822; x_wconf 76' lang='grc' dir='ltr'>ἠύ.</span> <span class='ocrx_word' id='word_1_211' title='bbox 820 2745 869 2804; x_wconf 89' lang='lat' dir='ltr'>Ad</span> <span class='ocrx_word' id='word_1_212' title='bbox 900 2745 1036 2804; x_wconf 89' lang='lat' dir='ltr'>eandem</span> <span class='ocrx_word' id='word_1_213' title='bbox 1072 2743 1214 2803; x_wconf 88' lang='lat' dir='ltr'>radicem</span> <span class='ocrx_word' id='word_1_214' title='bbox 1244 2743 1394 2802; x_wconf 90' lang='lat' dir='ltr'>videntur</span> 
     </span>
     <span class='ocr_line' id='line_1_23' title="bbox 155 2838 1394 2924; baseline 0.005 -28"><span class='ocrx_word' id='word_1_215' title='bbox 155 2838 277 2904; x_wconf 72' lang='lat' dir='ltr'>mirandi</span> <span class='ocrx_word' id='word_1_216' title='bbox 310 2860 384 2906; x_wconf 87' lang='lat' dir='ltr'>esse</span> <span class='ocrx_word' id='word_1_217' title='bbox 427 2845 591 2919; x_wconf 86' lang='lat' dir='ltr'>genitivus</span> <span class='ocrx_word' id='word_1_218' title='bbox 626 2847 708 2918; x_wconf 87' lang='lat' dir='ltr'>sing.</span> <span class='ocrx_word' id='word_1_219' title='bbox 745 2842 813 2924; x_wconf 75' lang='grc' dir='ltr'><strong><em>ἑῆος</em></strong></span> <span class='ocrx_word' id='word_1_220' title='bbox 848 2850 877 2904; x_wconf 80' lang='lat' dir='ltr'><em>A</em></span> <span class='ocrx_word' id='word_1_221' title='bbox 909 2847 972 2907; x_wconf 87' lang='grc'>393</span> <span class='ocrx_word' id='word_1_222' title='bbox 1005 2848 1064 2906; x_wconf 88' lang='lat' dir='ltr'>etc.</span> <span class='ocrx_word' id='word_1_223' title='bbox 1100 2842 1133 2920; x_wconf 66' lang='grc'>3),</span> <span class='ocrx_word' id='word_1_224' title='bbox 1166 2848 1199 2905; x_wconf 92' lang='lat' dir='ltr'>et</span> <span class='ocrx_word' id='word_1_225' title='bbox 1230 2845 1394 2917; x_wconf 84' lang='lat' dir='ltr'>genitivus</span> 
     </span>
     <span class='ocr_line' id='line_1_24' title="bbox 153 2935 1393 3022; baseline 0.005 -24"><span class='ocrx_word' id='word_1_226' title='bbox 153 2935 300 3011; x_wconf 54' lang='lat' dir='ltr'>prusiae</span> <span class='ocrx_word' id='word_1_227' title='bbox 331 2945 364 3004; x_wconf 81' lang='grc' dir='ltr'><em>Ω</em></span> <span class='ocrx_word' id='word_1_228' title='bbox 396 2946 459 3005; x_wconf 81' lang='grc'>628</span> <span class='ocrx_word' id='word_1_229' title='bbox 491 2950 516 3005; x_wconf 80' lang='grc' dir='ltr'><strong>θ</strong></span> <span class='ocrx_word' id='word_1_230' title='bbox 549 2949 624 3022; x_wconf 77' lang='lat' dir='ltr'>aab,</span> <span class='ocrx_word' id='word_1_231' title='bbox 657 2950 721 3007; x_wconf 83' lang='grc'>336</span> <span class='ocrx_word' id='word_1_232' title='bbox 752 2948 829 3008; x_wconf 80' lang='lat' dir='ltr'>Hes,</span> <span class='ocrx_word' id='word_1_233' title='bbox 865 2948 983 3020; x_wconf 83' lang='lat' dir='ltr'>Theog.</span> <span class='ocrx_word' id='word_1_234' title='bbox 1016 2949 1069 3022; x_wconf 83' lang='lat'>46,</span> <span class='ocrx_word' id='word_1_235' title='bbox 1104 2949 1176 3022; x_wconf 93' lang='grc'><strong>111,</strong></span> <span class='ocrx_word' id='word_1_236' title='bbox 1211 2947 1286 3021; x_wconf 88' lang='grc'>633,</span> <span class='ocrx_word' id='word_1_237' title='bbox 1319 2947 1393 3020; x_wconf 86' lang='grc'>664,</span> 
     </span>
     <span class='ocr_line' id='line_1_25' title="bbox 153 3043 943 3124; baseline 0.011 -25"><span class='ocrx_word' id='word_1_238' title='bbox 153 3053 226 3111; x_wconf 84' lang='lat' dir='ltr'>quem</span> <span class='ocrx_word' id='word_1_239' title='bbox 246 3043 317 3124; x_wconf 74' lang='grc' dir='ltr'><strong><em>έήαν</em></strong></span> <span class='ocrx_word' id='word_1_240' title='bbox 340 3048 473 3109; x_wconf 87' lang='lat' dir='ltr'>rescribi</span> <span class='ocrx_word' id='word_1_241' title='bbox 497 3049 625 3110; x_wconf 89' lang='lat' dir='ltr'>mavult</span> <span class='ocrx_word' id='word_1_242' title='bbox 649 3049 761 3109; x_wconf 81' lang='lat' dir='ltr'>Nauck</span> <span class='ocrx_word' id='word_1_243' title='bbox 785 3049 835 3119; x_wconf 88' lang='lat' dir='ltr'>(cf.</span> <span class='ocrx_word' id='word_1_244' title='bbox 860 3050 878 3119; x_wconf 70' lang='grc'>6</span> <span class='ocrx_word' id='word_1_245' title='bbox 903 3052 943 3118; x_wconf 82' lang='lat' dir='ltr'>b).</span> 
     </span>
    </p>

    <p class='ocr_par' dir='ltr' id='par_1_9' title="bbox 150 3140 1393 3326">
     <span class='ocr_line' id='line_1_26' title="bbox 184 3140 1393 3226; baseline 0.006 -25"><span class='ocrx_word' id='word_1_246' title='bbox 184 3141 275 3207; x_wconf 81' lang='lat' dir='ltr'>Neutd</span> <span class='ocrx_word' id='word_1_247' title='bbox 297 3149 379 3222; x_wconf 83' lang='lat' dir='ltr'>sing.</span> <span class='ocrx_word' id='word_1_248' title='bbox 404 3152 550 3225; x_wconf 88' lang='lat' dir='ltr'>correpta</span> <span class='ocrx_word' id='word_1_249' title='bbox 574 3151 679 3210; x_wconf 82' lang='lat' dir='ltr'>forma</span> <span class='ocrx_word' id='word_1_250' title='bbox 703 3147 746 3226; x_wconf 82' lang='grc' dir='ltr'>έύ,</span> <span class='ocrx_word' id='word_1_251' title='bbox 770 3166 852 3223; x_wconf 89' lang='lat' dir='ltr'>quae</span> <span class='ocrx_word' id='word_1_252' title='bbox 877 3165 949 3210; x_wconf 89' lang='lat' dir='ltr'>raro</span> <span class='ocrx_word' id='word_1_253' title='bbox 974 3150 1174 3210; x_wconf 88' lang='lat' dir='ltr'>contrahitur</span> <span class='ocrx_word' id='word_1_254' title='bbox 1193 3150 1227 3209; x_wconf 91' lang='lat' dir='ltr'>in</span> <span class='ocrx_word' id='word_1_255' title='bbox 1247 3140 1290 3225; x_wconf 82' lang='grc' dir='ltr'>εὖ,</span> <span class='ocrx_word' id='word_1_256' title='bbox 1314 3149 1393 3208; x_wconf 91' lang='lat' dir='ltr'>mul-</span> 
     </span>
     <span class='ocr_line' id='line_1_27' title="bbox 150 3242 1081 3326; baseline 0.011 -26"><span class='ocrx_word' id='word_1_257' title='bbox 150 3242 186 3301; x_wconf 88' lang='lat' dir='ltr'>tis</span> <span class='ocrx_word' id='word_1_258' title='bbox 203 3243 267 3309; x_wconf 88' lang='lat' dir='ltr'>locis</span> <span class='ocrx_word' id='word_1_259' title='bbox 290 3251 434 3312; x_wconf 89' lang='lat' dir='ltr'>adverbii</span> <span class='ocrx_word' id='word_1_260' title='bbox 456 3250 526 3312; x_wconf 89' lang='lat' dir='ltr'>loco</span> <span class='ocrx_word' id='word_1_261' title='bbox 550 3254 733 3326; x_wconf 88' lang='lat' dir='ltr'>usurpatur,</span> <span class='ocrx_word' id='word_1_262' title='bbox 759 3253 796 3311; x_wconf 93' lang='lat' dir='ltr'>ut</span> <span class='ocrx_word' id='word_1_263' title='bbox 818 3253 902 3326; x_wconf 91' lang='lat' dir='ltr'>apud</span> <span class='ocrx_word' id='word_1_264' title='bbox 925 3254 1081 3325; x_wconf 89' lang='lat' dir='ltr'>posteros.</span> 
     </span>
    </p>

    <p class='ocr_par' dir='ltr' id='par_1_10' title="bbox 147 3343 1393 3636">
     <span class='ocr_line' id='line_1_28' title="bbox 185 3343 1393 3429; baseline 0.004 -23"><span class='ocrx_word' id='word_1_265' title='bbox 185 3343 411 3426; x_wconf 84' lang='lat' dir='ltr'>incompositis</span> <span class='ocrx_word' id='word_1_266' title='bbox 434 3348 488 3429; x_wconf 76' lang='grc' dir='ltr'><strong><em>κ’μν-</em></strong></span> <span class='ocrx_word' id='word_1_267' title='bbox 511 3355 698 3414; x_wconf 88' lang='lat' dir='ltr'>constanter</span> <span class='ocrx_word' id='word_1_268' title='bbox 720 3354 753 3413; x_wconf 93' lang='lat' dir='ltr'>in</span> <span class='ocrx_word' id='word_1_269' title='bbox 778 3349 825 3412; x_wconf 83' lang='grc' dir='ltr'>έυ-</span> <span class='ocrx_word' id='word_1_270' title='bbox 849 3354 942 3427; x_wconf 91' lang='lat' dir='ltr'>abiit;</span> <span class='ocrx_word' id='word_1_271' title='bbox 969 3353 1173 3427; x_wconf 83' lang='lat' dir='ltr'>excipiuntur</span> <span class='ocrx_word' id='word_1_272' title='bbox 1197 3354 1286 3427; x_wconf 86' lang='lat' dir='ltr'>haec,</span> <span class='ocrx_word' id='word_1_273' title='bbox 1311 3366 1393 3423; x_wconf 84' lang='lat' dir='ltr'>quae</span> 
     </span>
     <span class='ocr_line' id='line_1_29' title="bbox 148 3447 1392 3532; baseline 0.006 -29"><span class='ocrx_word' id='word_1_274' title='bbox 148 3447 231 3509; x_wconf 84' lang='lat' dir='ltr'>metro</span> <span class='ocrx_word' id='word_1_275' title='bbox 264 3453 431 3514; x_wconf 84' lang='lat' dir='ltr'>defensam</span> <span class='ocrx_word' id='word_1_276' title='bbox 466 3456 585 3516; x_wconf 90' lang='lat' dir='ltr'>habent</span> <span class='ocrx_word' id='word_1_277' title='bbox 623 3456 784 3529; x_wconf 89' lang='lat' dir='ltr'>syllabam</span> <span class='ocrx_word' id='word_1_278' title='bbox 818 3455 994 3515; x_wconf 89' lang='lat' dir='ltr'>initialem:</span> <span class='ocrx_word' id='word_1_279' title='bbox 1039 3451 1171 3532; x_wconf 78' lang='grc' dir='ltr'><strong><em>ἠύκομος</em></strong></span> <span class='ocrx_word' id='word_1_280' title='bbox 1207 3453 1392 3523; x_wconf 87' lang='lat' dir='ltr'>(mulierum</span> 
     </span>
     <span class='ocr_line' id='line_1_30' title="bbox 147 3546 1393 3636; baseline 0.003 -27"><span class='ocrx_word' id='word_1_281' title='bbox 147 3546 292 3624; x_wconf 79' lang='lat' dir='ltr'>epitheton)</span> <span class='ocrx_word' id='word_1_282' title='bbox 315 3558 349 3615; x_wconf 77' lang='lat' dir='ltr'>et</span> <span class='ocrx_word' id='word_1_283' title='bbox 371 3551 524 3635; x_wconf 76' lang='grc' dir='ltr'><strong><em>ἠυγένειος</em></strong></span> <span class='ocrx_word' id='word_1_284' title='bbox 547 3553 602 3628; x_wconf 76' lang='grc' dir='ltr'>(λίς</span> <span class='ocrx_word' id='word_1_285' title='bbox 628 3557 678 3617; x_wconf 83' lang='lat' dir='ltr'>vel</span> <span class='ocrx_word' id='word_1_286' title='bbox 701 3553 804 3630; x_wconf 81' lang='grc' dir='ltr'><strong><em>λέων);</em></strong></span> <span class='ocrx_word' id='word_1_287' title='bbox 837 3557 918 3616; x_wconf 80' lang='lat' dir='ltr'>item</span> <span class='ocrx_word' id='word_1_288' title='bbox 942 3553 1070 3636; x_wconf 80' lang='grc' dir='ltr'><strong><em>ἠυγενής</em></strong></span> <span class='ocrx_word' id='word_1_289' title='bbox 1094 3558 1125 3616; x_wconf 91' lang='lat' dir='ltr'>h.</span> <span class='ocrx_word' id='word_1_290' title='bbox 1151 3556 1229 3615; x_wconf 83' lang='lat' dir='ltr'>Ven.</span> <span class='ocrx_word' id='word_1_291' title='bbox 1256 3556 1307 3614; x_wconf 79' lang='lat'>94.</span> <span class='ocrx_word' id='word_1_292' title='bbox 1333 3554 1393 3613; x_wconf 82' lang='lat' dir='ltr'>Ad·</span> 
     </span>
    </p>
   </div>
   <div class='ocr_carea' id='block_1_4' title="bbox 150 3731 338 3749">
    <p class='ocr_par' dir='ltr' id='par_1_11' title="bbox 150 3731 338 3749">
     <span class='ocr_line' id='line_1_31' title="bbox 150 3731 338 3749; baseline 0 -9"><span class='ocrx_word' id='word_1_293' title='bbox 150 3731 338 3749; x_wconf 42' lang='grc' dir='ltr'>κ-</span> 
     </span>
    </p>
   </div>
   <div class='ocr_carea' id='block_1_5' title="bbox 139 3848 1394 4635">
    <p class='ocr_par' dir='ltr' id='par_1_12' title="bbox 145 3848 1393 3995">
     <span class='ocr_line' id='line_1_32' title="bbox 177 3848 1393 3927; baseline 0.003 -24"><span class='ocrx_word' id='word_1_294' title='bbox 177 3848 192 3917; x_wconf 68' lang='grc'>’)</span> <span class='ocrx_word' id='word_1_295' title='bbox 202 3858 261 3907; x_wconf 82' lang='lat' dir='ltr'>ldde</span> <span class='ocrx_word' id='word_1_296' title='bbox 274 3873 363 3909; x_wconf 82' lang='lat' dir='ltr'>vocem</span> <span class='ocrx_word' id='word_1_297' title='bbox 373 3865 455 3927; x_wconf 75' lang='grc' dir='ltr'><strong><em>κάρτα,</em></strong></span> <span class='ocrx_word' id='word_1_298' title='bbox 471 3874 523 3920; x_wconf 86' lang='lat' dir='ltr'>quo</span> <span class='ocrx_word' id='word_1_299' title='bbox 540 3864 626 3908; x_wconf 85' lang='lat' dir='ltr'>tamen</span> <span class='ocrx_word' id='word_1_300' title='bbox 644 3862 766 3909; x_wconf 84' lang='lat' dir='ltr'>adverbio</span> <span class='ocrx_word' id='word_1_301' title='bbox 783 3863 912 3909; x_wconf 83' lang='lat' dir='ltr'>Homerus</span> <span class='ocrx_word' id='word_1_302' title='bbox 929 3876 980 3908; x_wconf 88' lang='lat' dir='ltr'>non</span> <span class='ocrx_word' id='word_1_303' title='bbox 994 3863 1083 3921; x_wconf 85' lang='lat' dir='ltr'>utitur,</span> <span class='ocrx_word' id='word_1_304' title='bbox 1100 3863 1132 3908; x_wconf 89' lang='lat' dir='ltr'>ab</span> <span class='ocrx_word' id='word_1_305' title='bbox 1147 3862 1273 3907; x_wconf 88' lang='lat' dir='ltr'>adiectivo</span> <span class='ocrx_word' id='word_1_306' title='bbox 1287 3856 1393 3925; x_wconf 72' lang='grc' dir='ltr'>(καρπός)</span> 
     </span>
     <span class='ocr_line' id='line_1_33' title="bbox 145 3939 381 3995; baseline 0.021 -12"><span class='ocrx_word' id='word_1_307' title='bbox 145 3939 214 3995; x_wconf 62' lang='lat' dir='ltr'>agni:</span> <span class='ocrx_word' id='word_1_308' title='bbox 228 3945 251 3986; x_wconf 84' lang='grc' dir='ltr'><em>Π</em></span> <span class='ocrx_word' id='word_1_309' title='bbox 265 3943 309 3988; x_wconf 83' lang='grc'>181</span> <span class='ocrx_word' id='word_1_310' title='bbox 330 3945 381 3990; x_wconf 79' lang='lat' dir='ltr'>ete.</span> 
     </span>
    </p>

    <p class='ocr_par' dir='ltr' id='par_1_13' title="bbox 141 4005 1394 4406">
     <span class='ocr_line' id='line_1_34' title="bbox 174 4005 1394 4081; baseline 0.002 -17"><span class='ocrx_word' id='word_1_311' title='bbox 174 4005 332 4077; x_wconf 70' lang='lat' dir='ltr'>&#39;linguinis</span> <span class='ocrx_word' id='word_1_312' title='bbox 354 4024 436 4078; x_wconf 74' lang='grc' dir='ltr'><strong><em>θαμύς</em></strong></span> <span class='ocrx_word' id='word_1_313' title='bbox 461 4034 511 4067; x_wconf 89' lang='lat' dir='ltr'>nou</span> <span class='ocrx_word' id='word_1_314' title='bbox 533 4021 669 4081; x_wconf 85' lang='lat' dir='ltr'>reperitur,</span> <span class='ocrx_word' id='word_1_315' title='bbox 693 4021 741 4067; x_wconf 91' lang='lat' dir='ltr'>sed</span> <span class='ocrx_word' id='word_1_316' title='bbox 763 4021 863 4081; x_wconf 82' lang='lat' dir='ltr'>plurale</span> <span class='ocrx_word' id='word_1_317' title='bbox 881 4022 970 4080; x_wconf 73' lang='grc' dir='ltr'><strong><em>θαμέας</em></strong></span> <span class='ocrx_word' id='word_1_318' title='bbox 989 4023 1052 4068; x_wconf 80' lang='lat' dir='ltr'>satis</span> <span class='ocrx_word' id='word_1_319' title='bbox 1071 4025 1110 4068; x_wconf 86' lang='lat' dir='ltr'>eet</span> <span class='ocrx_word' id='word_1_320' title='bbox 1128 4021 1274 4078; x_wconf 67' lang='lat' dir='ltr'>vulgatum</span> <span class='ocrx_word' id='word_1_321' title='bbox 1293 4021 1394 4066; x_wconf 84' lang='lat' dir='ltr'>semini-</span> 
     </span>
     <span class='ocr_line' id='line_1_35' title="bbox 145 4100 1393 4161; baseline 0.002 -18"><span class='ocrx_word' id='word_1_322' title='bbox 145 4103 194 4138; x_wconf 72' lang='lat' dir='ltr'>flim</span> <span class='ocrx_word' id='word_1_323' title='bbox 214 4101 292 4146; x_wconf 79' lang='lat' dir='ltr'>autem</span> <span class='ocrx_word' id='word_1_324' title='bbox 317 4106 418 4158; x_wconf 71' lang='grc' dir='ltr'><strong><em>θαμαῑαα</em></strong></span> <span class='ocrx_word' id='word_1_325' title='bbox 445 4109 482 4155; x_wconf 76' lang='grc' dir='ltr'><strong><em>-ας</em></strong></span> <span class='ocrx_word' id='word_1_326' title='bbox 507 4102 534 4146; x_wconf 87' lang='lat' dir='ltr'><em>A</em></span> <span class='ocrx_word' id='word_1_327' title='bbox 560 4101 591 4146; x_wconf 79' lang='lat'>52</span> <span class='ocrx_word' id='word_1_328' title='bbox 616 4103 664 4147; x_wconf 86' lang='lat' dir='ltr'>etc.</span> <span class='ocrx_word' id='word_1_329' title='bbox 688 4101 751 4160; x_wconf 87' lang='lat' dir='ltr'>quin</span> <span class='ocrx_word' id='word_1_330' title='bbox 773 4100 872 4146; x_wconf 82' lang='lat' dir='ltr'>adhoc</span> <span class='ocrx_word' id='word_1_331' title='bbox 895 4102 1024 4161; x_wconf 85' lang='lat' dir='ltr'>pertineat</span> <span class='ocrx_word' id='word_1_332' title='bbox 1041 4100 1195 4146; x_wconf 85' lang='lat' dir='ltr'>adiectivurn</span> <span class='ocrx_word' id='word_1_333' title='bbox 1214 4104 1240 4146; x_wconf 91' lang='lat' dir='ltr'>et</span> <span class='ocrx_word' id='word_1_334' title='bbox 1257 4114 1393 4158; x_wconf 83' lang='lat' dir='ltr'>perperam</span> 
     </span>
     <span class='ocr_line' id='line_1_36' title="bbox 143 4168 1393 4239; baseline -0.003 -11"><span class='ocrx_word' id='word_1_335' title='bbox 143 4168 206 4228; x_wconf 62' lang='lat' dir='ltr'>igitur</span> <span class='ocrx_word' id='word_1_336' title='bbox 226 4182 319 4238; x_wconf 76' lang='grc' dir='ltr'><strong><em>θαμακαί</em></strong></span> <span class='ocrx_word' id='word_1_337' title='bbox 344 4181 448 4237; x_wconf 63' lang='lat' dir='ltr'>&amp;apside</span> <span class='ocrx_word' id='word_1_338' title='bbox 472 4179 551 4227; x_wconf 82' lang='lat' dir='ltr'>inerit</span> <span class='ocrx_word' id='word_1_339' title='bbox 576 4181 702 4239; x_wconf 87' lang='lat' dir='ltr'>scriptum</span> <span class='ocrx_word' id='word_1_340' title='bbox 725 4181 757 4226; x_wconf 85' lang='lat' dir='ltr'>ab</span> <span class='ocrx_word' id='word_1_341' title='bbox 780 4181 928 4227; x_wconf 75' lang='lat' dir='ltr'>Aristarcho</span> <span class='ocrx_word' id='word_1_342' title='bbox 952 4182 1060 4238; x_wconf 88' lang='lat' dir='ltr'>aliisque</span> <span class='ocrx_word' id='word_1_343' title='bbox 1084 4181 1266 4238; x_wconf 80' lang='lat' dir='ltr'>grammaticis,</span> <span class='ocrx_word' id='word_1_344' title='bbox 1287 4172 1393 4237; x_wconf 78' lang='lat' dir='ltr'>quasia</span> 
     </span>
     <span class='ocr_line' id='line_1_37' title="bbox 143 4255 1394 4324; baseline -0.001 -19"><span class='ocrx_word' id='word_1_345' title='bbox 143 4255 273 4307; x_wconf 67' lang='lat' dir='ltr'>namnetico</span> <span class='ocrx_word' id='word_1_346' title='bbox 295 4264 396 4320; x_wconf 71' lang='grc' dir='ltr'><strong><em>θαμααός</em></strong></span> <span class='ocrx_word' id='word_1_347' title='bbox 418 4261 524 4308; x_wconf 81' lang='lat' dir='ltr'>ductum</span> <span class='ocrx_word' id='word_1_348' title='bbox 543 4261 584 4320; x_wconf 82' lang='lat' dir='ltr'>(cf.</span> <span class='ocrx_word' id='word_1_349' title='bbox 603 4262 686 4308; x_wconf 84' lang='lat' dir='ltr'>Lehrs</span> <span class='ocrx_word' id='word_1_350' title='bbox 705 4257 793 4309; x_wconf 67' lang='lat' dir='ltr'>Arist.²</span> <span class='ocrx_word' id='word_1_351' title='bbox 809 4275 833 4321; x_wconf 89' lang='lat' dir='ltr'>p.</span> <span class='ocrx_word' id='word_1_352' title='bbox 852 4256 922 4324; x_wconf 77' lang='lat'><strong>259),</strong></span> <span class='ocrx_word' id='word_1_353' title='bbox 945 4261 1051 4307; x_wconf 89' lang='lat' dir='ltr'>dubium</span> <span class='ocrx_word' id='word_1_354' title='bbox 1069 4273 1119 4304; x_wconf 93' lang='lat' dir='ltr'>non</span> <span class='ocrx_word' id='word_1_355' title='bbox 1138 4259 1245 4305; x_wconf 86' lang='lat' dir='ltr'>videtur.</span> <span class='ocrx_word' id='word_1_356' title='bbox 1264 4258 1335 4304; x_wconf 88' lang='lat' dir='ltr'>Idem</span> <span class='ocrx_word' id='word_1_357' title='bbox 1354 4262 1394 4304; x_wconf 84' lang='lat' dir='ltr'>est</span> 
     </span>
     <span class='ocr_line' id='line_1_38' title="bbox 141 4333 1283 4406; baseline -0.002 -23"><span class='ocrx_word' id='word_1_358' title='bbox 141 4334 281 4387; x_wconf 59' lang='lat' dir='ltr'>“amandum</span> <span class='ocrx_word' id='word_1_359' title='bbox 298 4339 331 4389; x_wconf 74' lang='lat' dir='ltr'>de</span> <span class='ocrx_word' id='word_1_360' title='bbox 351 4340 474 4388; x_wconf 73' lang='lat' dir='ltr'>feminino</span> <span class='ocrx_word' id='word_1_361' title='bbox 490 4348 597 4406; x_wconf 69' lang='grc' dir='ltr'><strong><em>ααρφιῖαι</em></strong></span> <span class='ocrx_word' id='word_1_362' title='bbox 615 4351 653 4394; x_wconf 82' lang='grc' dir='ltr'>·ᾶ;</span> <span class='ocrx_word' id='word_1_363' title='bbox 672 4344 704 4386; x_wconf 85' lang='grc' dir='ltr'><em>Μ</em></span> <span class='ocrx_word' id='word_1_364' title='bbox 722 4342 768 4387; x_wconf 85' lang='grc'>158</span> <span class='ocrx_word' id='word_1_365' title='bbox 788 4343 846 4396; x_wconf 69' lang='lat' dir='ltr'>eto„</span> <span class='ocrx_word' id='word_1_366' title='bbox 865 4354 879 4386; x_wconf 75' lang='grc'>6</span> <span class='ocrx_word' id='word_1_367' title='bbox 897 4340 1038 4386; x_wconf 76' lang='lat' dir='ltr'>masculino</span> <span class='ocrx_word' id='word_1_368' title='bbox 1056 4333 1165 4401; x_wconf 76' lang='grc' dir='ltr'>(ταρφύς)</span> <span class='ocrx_word' id='word_1_369' title='bbox 1183 4338 1283 4399; x_wconf 72' lang='grc' dir='ltr'><strong><em>ταρφέες.</em></strong></span> 
     </span>
    </p>

    <p class='ocr_par' dir='ltr' id='par_1_14' title="bbox 139 4406 1392 4635">
     <span class='ocr_line' id='line_1_39' title="bbox 168 4406 1392 4479; baseline -0.003 -15"><span class='ocrx_word' id='word_1_370' title='bbox 168 4406 185 4474; x_wconf 80' lang='lat'>¹)</span> <span class='ocrx_word' id='word_1_371' title='bbox 198 4415 335 4465; x_wconf 63' lang='lat' dir='ltr'>&amp;nodatus</span> <span class='ocrx_word' id='word_1_372' title='bbox 352 4422 408 4479; x_wconf 78' lang='lat' dir='ltr'>ieie,</span> <span class='ocrx_word' id='word_1_373' title='bbox 427 4432 503 4479; x_wconf 81' lang='lat' dir='ltr'>quam</span> <span class='ocrx_word' id='word_1_374' title='bbox 522 4421 659 4468; x_wconf 85' lang='lat' dir='ltr'>lectionem</span> <span class='ocrx_word' id='word_1_375' title='bbox 676 4420 748 4466; x_wconf 82' lang='lat' dir='ltr'>fuere</span> <span class='ocrx_word' id='word_1_376' title='bbox 764 4420 808 4479; x_wconf 88' lang='lat' dir='ltr'>qui</span> <span class='ocrx_word' id='word_1_377' title='bbox 826 4419 1001 4478; x_wconf 80' lang='lat' dir='ltr'>defenderent,</span> <span class='ocrx_word' id='word_1_378' title='bbox 1016 4418 1065 4463; x_wconf 88' lang='lat' dir='ltr'>hoc</span> <span class='ocrx_word' id='word_1_379' title='bbox 1080 4418 1254 4477; x_wconf 86' lang='lat' dir='ltr'>possessivum</span> <span class='ocrx_word' id='word_1_380' title='bbox 1269 4413 1392 4476; x_wconf 81' lang='lat' dir='ltr'>proprium</span> 
     </span>
     <span class='ocr_line' id='line_1_40' title="bbox 139 4489 1392 4560; baseline -0.003 -14"><span class='ocrx_word' id='word_1_381' title='bbox 139 4489 276 4554; x_wconf 62' lang='lat' dir='ltr'>[serpenti</span> <span class='ocrx_word' id='word_1_382' title='bbox 303 4502 331 4546; x_wconf 82' lang='lat' dir='ltr'>et</span> <span class='ocrx_word' id='word_1_383' title='bbox 347 4498 476 4546; x_wconf 68' lang='lat' dir='ltr'>maundae</span> <span class='ocrx_word' id='word_1_384' title='bbox 493 4513 596 4560; x_wconf 87' lang='lat' dir='ltr'>quoque</span> <span class='ocrx_word' id='word_1_385' title='bbox 615 4501 764 4560; x_wconf 85' lang='lat' dir='ltr'>primaeque</span> <span class='ocrx_word' id='word_1_386' title='bbox 782 4499 899 4558; x_wconf 85' lang='lat' dir='ltr'>personis</span> <span class='ocrx_word' id='word_1_387' title='bbox 916 4498 1039 4558; x_wconf 80' lang='lat' dir='ltr'>applicari</span> <span class='ocrx_word' id='word_1_388' title='bbox 1058 4497 1173 4558; x_wconf 84' lang='lat' dir='ltr'>potuisse</span> <span class='ocrx_word' id='word_1_389' title='bbox 1195 4495 1379 4543; x_wconf 83' lang='lat' dir='ltr'>contendentes</span> <span class='ocrx_word' id='word_1_390' title='bbox 1385 4508 1392 4553; x_wconf 73' lang='grc' dir='ltr'><strong><em>ς</em></strong></span> 
     </span>
     <span class='ocr_line' id='line_1_41' title="bbox 139 4571 258 4635; baseline 0.05 -16"><span class='ocrx_word' id='word_1_391' title='bbox 139 4571 179 4619; x_wconf 77' lang='lat' dir='ltr'>vid</span> <span class='ocrx_word' id='word_1_392' title='bbox 193 4576 206 4635; x_wconf 66' lang='grc'>1</span> <span class='ocrx_word' id='word_1_393' title='bbox 222 4579 258 4625; x_wconf 79' lang='grc'>15.</span> 
     </span>
    </p>
   </div>
   <div class='ocr_carea' id='block_1_6' title="bbox 0 0 1564 5124">
    <p class='ocr_par' dir='ltr' id='par_1_15' title="bbox 0 0 1564 5124">
     <span class='ocr_line' id='line_1_42' title="bbox 0 0 1564 5124; baseline 0 9"><span class='ocrx_word' id='word_1_394' title='bbox 0 0 1564 5124; x_wconf 95' lang='lat' dir='ltr'> </span> 
     </span>
    </p>
   </div>
  </div>
 </body>
</html>
