3120 5124
758 403 801 446 Lx

141 578 229 636 esset
262 576 411 636 nesciens
445 576 664 651 interpolator,
700 577 752 636 cui
786 591 953 649 nunquam
988 576 1099 650 opinor
1133 575 1271 648 Erycina
1304 575 1413 635 ridens

142 677 287 752 favisset,
319 677 448 737 Hesiod.
477 677 595 750 Theog.
620 693 668 737 vs,
701 678 765 737 200
798 679 857 738 hoc
882 677 967 738 male
990 691 1089 737 sanae
1112 676 1290 750 sapientiae
1315 676 1414 736 edidit

141 779 388 839 documentum:
421 783 538 849 (vocent
568 795 637 838 eom
677 780 832 848 Venerem)
845 774 909 861 Ιἠδὲ
932 774 1120 856 φιλομμηδέα
1146 776 1189 837 ὅτι
1213 774 1332 854 μηδέων
1355 775 1414 850 ἐξε-

141 878 268 956 φαάνθη
292 883 320 949 ¹).
346 879 485 940 Versum
507 884 537 938 A
562 882 635 954 786,
659 881 713 940 ubi
736 880 880 940 Achilles
902 888 989 962 γενεῇ
1008 875 1166 957 ὑπέρτερος
1187 894 1286 952 quam
1306 880 1413 940 Patro·

141 980 211 1041 clus
231 997 304 1042 esse
324 982 450 1057 dicitur,
470 996 534 1042 non
554 982 593 1042 de
612 981 769 1055 dignitate
787 983 844 1042 sed
863 983 903 1042 de
919 983 1027 1042 aetate
1039 995 1207 1055 perperam
1219 982 1414 1055 accipientes

142 1084 285 1159 quidam,
305 1083 338 1143 in
358 1084 409 1143 his
429 1083 650 1158 Archilochus
671 1084 699 1142 si
720 1084 848 1145 credere
865 1083 915 1143 fas
927 1085 988 1157 est,
1010 1098 1123 1143 vocem
1135 1079 1292 1161 ὑπέρτερος
1304 1082 1415 1157 lingua

143 1185 245 1245 invita
286 1185 488 1259 interpretati
523 1187 600 1245 sunt
632 1186 807 1256 iuniorem
841 1185 906 1261 alii,
942 1186 975 1245 in
1009 1184 1061 1245 his
1094 1185 1218 1259 tragici,
1253 1184 1414 1245 Achillem

143 1287 289 1348 Patroclo
309 1287 466 1347 maiorem
487 1288 566 1347 natu
587 1287 687 1348 fuisse
709 1301 815 1347 errore
831 1287 885 1346 vix
898 1287 1007 1346 minus
1020 1288 1131 1360 aperto
1142 1287 1215 1346 inde
1228 1287 1414 1346 effecerunt.

144 1384 239 1447 Ρέδνα
273 1389 349 1462 quid
383 1390 494 1448 essent
525 1388 637 1449 Graeci
672 1389 801 1449 saeculo
836 1388 879 1446 V⁰
902 1389 1099 1463 nesciebant,
1131 1389 1270 1448 testibus
1301 1388 1416 1448 multis

141 1490 337 1562 tragicorum
381 1488 582 1562 aliorumque
620 1490 699 1550 locis
726 1483 759 1563 ²),
794 1504 993 1563 quamquam
1028 1490 1062 1548 in
1097 1490 1251 1549 Thraciae
1285 1490 1416 1563 regione

144 1591 248 1651 vicina
272 1591 450 1652 etiamtunc
469 1593 643 1665 superabat
663 1607 735 1652 mos
755 1593 906 1651 vetustus
925 1591 1051 1664 puellas
1071 1591 1176 1665 procis
1198 1591 1354 1651 vendendi
1374 1585 1414 1665 ³);

142 1693 175 1752 in
206 1692 350 1753 Philotae
382 1708 507 1766 quoque
530 1693 633 1754 lexico
664 1694 742 1766 quin
765 1693 863 1753 fuerit
894 1688 976 1764 ἕδνα]
999 1691 1080 1771 δῶρα
1104 1692 1250 1753 dubitare
1274 1708 1333 1753 nos
1360 1693 1416 1752 vix

143 1795 221 1854 sinit
251 1795 411 1855 Theocriti
441 1795 531 1855 locus
562 1795 686 1854 XXVII
710 1796 762 1855 32.
787 1794 929 1855 Verbum
952 1789 1052 1873 τρέσαι
1075 1793 1257 1868 significare
1280 1796 1418 1855 recedere

143 1897 176 1955 et
198 1896 267 1970 ipse
290 1896 453 1956 Homerus
476 1897 569 1957 docet
592 1898 626 1956 et
648 1912 665 1957 e
689 1896 824 1970 Spartae
843 1896 962 1970 lingua,
984 1897 1038 1956 ubi
1056 1893 1207 1972 τρέσαντας
1228 1896 1418 1956 dicebantur

143 1997 198 2069 qui
232 2012 341 2058 coram
376 1999 470 2058 hoste
504 1997 675 2072 fugissent,
707 1998 789 2058 scire
819 2000 969 2072 poterant
999 1999 1233 2072 Athenienses;
1268 2000 1415 2059 attamen

143 2100 299 2159 metuendi
331 2115 431 2160 sensu
462 2115 482 2159 a
511 2101 653 2174 tragicis,
685 2115 822 2172 quorum
854 2100 950 2160 dictio
973 2100 1106 2173 ipsaque
1130 2114 1183 2160 ars
1207 2115 1248 2159 ex
1272 2100 1415 2160 Homero

142 2200 259 2274 pendet
277 2203 356 2276 tota,
377 2200 458 2261 solet
478 2201 626 2274 usurpari
646 2196 679 2270 ⁴).
699 2201 846 2261 Necnon
866 2201 1019 2274 antiquus
1040 2204 1090 2261 est
1110 2217 1197 2262 error
1217 2216 1279 2274 quo
1302 2217 1415 2262 vocem

142 2303 303 2376 poeticam
335 2298 424 2376 δέμας
456 2317 531 2361 cum
560 2316 636 2362 voce
660 2309 744 2378 σῶμα
766 2303 944 2376 permutari
967 2317 1061 2376 posse
1086 2304 1241 2376 putarunt
1263 2303 1360 2363 multi
1379 2299 1413 2373 ⁵).

143 2403 303 2478 Epithetis
325 2403 449 2477 passim
473 2403 506 2462 in
530 2403 668 2464 dictione
692 2404 782 2478 epica
801 2404 905 2464 obviis
925 2401 1034 2463 ἱππότα
1055 2406 1088 2464 et
1107 2401 1256 2480 ἱππηλάτα
1276 2405 1414 2466 absurde

177 2730 196 2793 ¹)
215 2733 252 2780 Oi.
271 2734 350 2780 schol.
370 2739 394 2780 1'
407 2734 464 2791 424,
482 2736 513 2781 H.
532 2732 611 2781 Flach
628 2734 669 2780 die
686 2735 795 2781 iiltesten
813 2735 1116 2783 Hesion-hanoschriften
1133 2749 1158 2795 p.
1177 2736 1216 2782 ab.

176 2809 198 2874 ²)
216 2813 253 2858 Ol.
272 2813 332 2859 Eur.
351 2813 541 2860 Andromaches
559 2815 673 2860 initium:

525 2893 655 2946 Ἀσιατίδος
672 2901 713 2951 γῆς
729 2901 817 2952 σχῆμα,
837 2896 930 2956 Θηβαία
947 2898 1019 2949 πόλις,

527 2973 585 3019 ὅθεν
602 2973 659 3019 ποθ’
681 2973 751 3018 ἕδνων
770 2974 812 3019 σὺν
831 2977 973 3038 πολυχρύσῳ
990 2973 1059 3037 χλιδῇ

526 3054 635 3116 Πριάμου
651 3054 764 3114 τύραννον
782 3055 860 3098 ἑστίαν
876 3054 1000 3114 ἀφικόμην,

144 3129 209 3175 Item
235 3129 295 3175 Eur.
318 3128 395 3175 Andr.
423 3129 479 3185 15³,
502 3130 550 3176 873
574 3129 642 3177 Med.
669 3131 717 3177 22⁷
739 3143 805 3191 sqq.,
827 3131 1415 3190 aesch.1>r0m.oeo‚1³ind.Pyth.1111es.

140 3208 207 3265 Quid
237 3207 306 3267 quod
331 3209 503 3256 recentiorum
529 3210 623 3257 erroris
648 3210 756 3268 vestigia
789 3211 814 3256 in
841 3211 897 3269 ipsa
922 3211 1037 3270 Odyssea
1066 3212 1294 3271 deprehenduntur
1319 3230 1336 3258 α
1365 3213 1413 3260 078

140 3310 173 3330 =
191 3295 207 3349 β
226 3289 282 3335 19⁷.

174 3363 195 3431 ³)
214 3368 268 3414 vid.
283 3368 377 3415 Herod.
400 3369 421 3416 V
445 3371 468 3430 6,
493 3369 608 3429 Xenoph.
632 3369 713 3415 Anah.
730 3368 778 3415 VII
796 3370 810 3414 2
829 3369 842 3426 ἐ
861 3371 902 3426 38,
919 3372 946 3417 et
963 3371 995 3417 cf.
1017 3371 1121 3417 Aristot.
1144 3371 1243 3417 Politic.
1263 3370 1414 3431 115512,

141 3447 222 3494 'l'huc
240 3448 254 3494 I
272 3449 286 3494 6
305 3448 320 3508 5
338 3450 361 3495 6.

173 3522 193 3588 ⁴)
211 3526 241 3573 In
267 3527 423 3586 tragicorum
445 3527 556 3575 dictione
580 3527 734 3574 dedicanda
757 3528 899 3575 cavendnm
920 3531 960 3575 est
978 3543 1054 3588 quam
1075 3531 1184 3577 maxime
1204 3543 1236 3576 ne
1253 3544 1331 3577 voces
1348 3543 1415 3590 quae

140 3606 201 3653 clim
227 3607 260 3654 ab
285 3608 366 3667 epicis
387 3621 527 3667 eorumque
551 3608 703 3667 aequalibus
729 3607 859 3655 adhibitae
885 3612 976 3668 postea
1001 3621 1104 3668 quoque
1134 3610 1162 3655 in
1186 3622 1230 3656 ore
1257 3610 1415 3657 Graecorum

142 3688 259 3734 vixerunt
284 3689 310 3734 et
332 3689 427 3735 aenaim
452 3688 477 3733 in
500 3700 579 3733 novae
603 3686 698 3733 formas
721 3699 851 3745 novasque
871 3688 988 3734 notiones
1006 3688 1132 3744 abierunt,
1151 3687 1339 3734 confundamus
1357 3701 1416 3735 oum

140 3767 247 3813 vocibus
272 3780 344 3828 quas,
369 3780 427 3813 cum
454 3769 514 3826 post
538 3778 629 3812 aarum
652 3766 817 3812 Homericum
840 3780 854 3812 e
878 3767 966 3825 lingua
989 3768 1161 3824 evanuissent,
1180 3781 1211 3813 ex
1228 3767 1285 3826 ipso
1304 3765 1416 3813 Homero

141 3845 323 3893 desumserunt
347 3846 438 3905 tragici
464 3849 494 3893 ut
515 3858 589 3892 suam
612 3843 748 3892 &chonam
771 3845 802 3891 iis
828 3848 987 3893 exornarent.
1006 3847 1070 3893 Illae
1089 3846 1151 3892 nihil
1169 3846 1266 3892 habent
1284 3845 1354 3904 quod
1372 3847 1417 3891 aut

141 3927 263 3973 muemur
285 3928 330 3973 aut
352 3926 460 3973 moleste
483 3926 605 3984 ieramus,
628 3925 675 3970 has
701 3938 762 3971 vero
790 3925 811 3970 si
830 3924 945 3971 consulto
963 3927 1008 3971 eut
1029 3939 1090 3972 casu
1108 3928 1221 3972 mutatas
1243 3924 1417 3971 adhibuerunt

141 4006 239 4064 tragici,
266 4019 315 4051 non
341 4008 401 4052 sunt
426 4004 556 4051 laudandi.
584 4006 618 4053 Ut
644 4006 762 4064 exemplo
787 4018 838 4051 rem
865 4005 1006 4052 illustrem:
1030 4009 1104 4068 φάμας
1126 4006 1188 4052 olim
1207 4002 1306 4067 sugam,
1324 4004 1417 4052 deinde

142 4086 262 4146 imorem,
287 4085 365 4146 τρομέω
384 4080 485 4145 fugare,
507 4086 596 4144 postea
620 4086 707 4130 tmere
729 4082 896 4143 significavit:
921 4085 957 4130 ita
975 4085 1007 4130 ad
1025 4086 1156 4132 notionem
1174 4088 1309 4144 cognatam
1328 4085 1417 4131 vivens

142 4164 229 4223 lingna
246 4164 342 4210 sensim
360 4163 498 4211 declinavit
514 4164 540 4210 in
557 4177 601 4210 ore
618 4163 720 4222 populi,
734 4177 815 4223 penes
833 4177 911 4222 quem
929 4167 969 4210 est
986 4178 1075 4210 norma
1090 4164 1227 4223 loquendi;
1245 4163 1291 4210 sed
1309 4165 1417 4211 verbum

143 4245 221 4309 τρέσαι
248 4243 310 4289 dum
334 4243 405 4299 vixit,
430 4241 537 4290 recedere
561 4256 664 4302 semper
691 4243 853 4303 significavit,
879 4243 969 4303 tragici
999 4246 1094 4299 autem,
1121 4244 1165 4303 qni
1190 4244 1297 4291 verbum
1322 4243 1348 4289 in
1371 4257 1417 4290 sua

144 4323 248 4381 regione
266 4323 463 4369 intermortuam
480 4337 511 4370 ex
530 4323 604 4382 opica
621 4322 732 4368 dictione
751 4324 777 4368 in
795 4336 841 4368 aua
858 4322 970 4368 carmina
987 4324 1215 4378 transsumserunt,
1234 4336 1325 4382 parum
1348 4326 1418 4370 recte

143 4399 264 4447 meinradi
281 4401 304 4447 ei
322 4401 535 4459 significationem
554 4402 706 4451 tribuerunt.
727 4428 756 4434 -
775 4402 901 4448 Nonnulla
919 4415 984 4460 quac
1002 4403 1053 4448 huc
1071 4405 1202 4462 pertinent
1222 4403 1326 4462 collegit
1342 4403 1371 4449 Ε.
1388 4403 1417 4449 Β.

145 4479 236 4528 Koster
253 4482 279 4527 iu
297 4480 395 4527 Studiis
413 4482 678 4540 Tragion-Homericis
695 4481 777 4539 Lugd.
795 4483 849 4527 Bat.
872 4484 943 4528 1801.

176 4556 197 4616 ⁵)
216 4560 270 4607 Vid.
290 4560 350 4607 Eur.
369 4561 451 4607 Orest.
470 4563 501 4608 40
520 4565 546 4609 et
563 4564 604 4622 98,
621 4562 701 4608 schol.
721 4563 747 4607 Α
767 4563 822 4607 115.
