3120 5124
749 408 811 468 154
1320 403 1349 475 [ἓ
1371 405 1411 465 40

143 595 261 672 -ῐρινος
294 595 324 665 (i.
350 611 376 655 e.
408 590 563 673 φέρασπις,
593 596 704 668 hymn.
733 595 793 654 VH
822 593 853 672 2)
887 596 914 651 E
942 595 1005 653 289
1035 596 1106 670 ete„
1142 590 1231 653 εὔαδε
1250 622 1283 642 =
1303 589 1413 651 {fiete

142 692 271 766 (tolete)
304 692 415 760 5340
438 699 510 773 etc,
540 694 868 774 dn0d9a9=drcofpol9
892 699 921 754 A
945 698 1009 757 356
1035 699 1106 771 etc,
1131 696 1185 756 ubi
1207 693 1413 756 semivocalis

142 798 221 857 fin
252 798 396 859 vocalem
428 822 446 858 ο
476 800 556 860 abiit
585 802 618 859 et
642 816 661 859 a
685 799 798 859 multis
829 814 891 859 non
924 801 975 859 est
1000 798 1120 875 agnita,
1144 796 1305 872 putabant
1328 794 1412 855 enim

144 889 177 957 εὖ
206 889 258 958 <lic
288 902 321 960 et
351 891 390 959 οὗ
421 898 530 979 ἔρυσαν
563 903 692 976 poetam
724 901 856 961 dixisse.
889 901 959 960 Nou
990 915 1147 973 magnum
1178 899 1290 959 autem
1315 896 1413 957 fuisse

141 1000 314 1061 discrimen
346 1001 429 1062 inter
460 1018 557 1063 sonos
587 1004 629 1060 of
660 1003 697 1061 ef
727 1003 766 1061 of
798 1004 831 1062 et
862 1024 901 1060 αο
934 1022 967 1060 ευ
991 1021 1028 1060 ου
1060 1000 1153 1061 facile
1182 998 1413 1074 intellegimus,

142 1117 244 1175 neque
273 1102 373 1176 igliur
403 1105 454 1162 est
485 1119 541 1163 cur
573 1103 747 1164 admodum
771 1118 944 1177 gravemur
967 1102 996 1162 si
1020 1102 1093 1175 quis
1116 1101 1240 1161 formas
1263 1095 1413 1176 αὐέρυσαν

141 1206 202 1264 etc.
238 1206 358 1265 mutari
395 1206 491 1279 vetet,
528 1221 602 1264 curn
637 1206 828 1280 praesertim
863 1203 928 1264 alia
963 1203 1128 1278 vocabula,
1173 1216 1256 1276 quae
1291 1201 1414 1261 rationo

141 1306 302 1366 subsimili
325 1308 464 1367 formata
487 1310 574 1382 sunt,
598 1304 721 1384 εὔκηλος
744 1304 853 1385 εὔληρα
876 1303 1011 1383 Εὔρυτος
1031 1303 1207 1383 καλαύροπα
1228 1300 1415 1377 ταναύποδα,

141 1407 277 1468 firmiter
310 1409 499 1469 inhaereant
530 1409 658 1483 linguae
692 1411 896 1470 vetustorum
928 1410 1106 1482 poetarum.
1139 1406 1296 1465 Attamen
1328 1403 1414 1463 iusta

142 1524 241 1572 causa
261 1525 332 1570 esse
353 1525 416 1571 non
437 1511 564 1571 videtur
583 1527 639 1571 cur
660 1511 691 1570 in
717 1511 782 1571 illis
804 1511 936 1571 vocibus
957 1510 1122 1583 digamma
1142 1508 1176 1567 in
1196 1505 1344 1567 vocalem
1364 1504 1413 1564 ab·

142 1609 188 1669 ire
213 1612 246 1670 et
269 1626 288 1670 a
312 1626 372 1670 sua
395 1612 522 1685 syllaba
541 1613 710 1686 abreptum
731 1627 805 1672 cum
830 1611 1033 1685 praecedenti
1054 1608 1235 1670 coalescere
1256 1607 1413 1681 sinamus,

143 1727 217 1771 curn
241 1712 317 1773 alibi
341 1713 373 1772 in
397 1715 594 1774 carminibus
619 1715 801 1775 Homericis
823 1714 932 1788 ipsum
955 1713 1122 1786 digamma
1145 1724 1348 1771 revocemus.

187 1813 315 1874 Maioris
338 1816 496 1875 momenti
519 1816 582 1876 alia
606 1818 656 1876 est
680 1816 835 1889 quaestio.
861 1814 1034 1887 Digamma
1056 1811 1180 1872 initiale
1210 1826 1294 1885 quae
1319 1824 1414 1871 voces

142 1914 333 1975 Homericae
374 1917 544 1976 habuerint
587 1918 679 1977 docet
720 1918 880 1990 metrum;
916 1916 949 1975 in
986 1914 1101 1974 mediis
1136 1928 1211 1973 vero
1249 1912 1415 1973 vocabulis

144 2017 253 2075 utrum
285 2019 429 2077 carmina
459 2018 631 2079 Homerica
663 2018 755 2078 illum
787 2033 903 2077 sonum
935 2016 1137 2076 servaverint
1166 2028 1278 2090 necne,
1304 2013 1336 2075 id
1358 2028 1414 2087 pro

143 2119 230 2178 certo
253 2117 336 2178 ellici
362 2120 483 2194 nequit,
516 2121 572 2180 sed
595 2120 670 2193 quid
695 2136 770 2180 vero
793 2119 900 2179 simile
923 2119 976 2194 sit,
1005 2118 1080 2190 quid
1107 2116 1276 2192 dissimile,
1303 2131 1414 2189 rogaro

144 2218 308 2278 debemus
332 2220 431 2279 Nobis
452 2222 562 2280 autem
586 2221 720 2282 Homeri
743 2221 852 2294 lingua
872 2221 1015 2281 litteram
1039 2219 1171 2279 linitio
1191 2219 1323 2278 tantum
1347 2233 1413 2278 ver·

144 2320 258 2379 borum
288 2335 437 2381 servasse
469 2324 611 2397 videtur;
642 2339 720 2383 nam
751 2324 783 2382 in
814 2323 886 2383 aliis
918 2322 1064 2382 dialectis
1096 2321 1237 2391 (Aeolica
1262 2320 1414 2381 Boeotica

144 2420 297 2491 Cretensi)
318 2422 483 2496 digamma
501 2423 626 2483 initiale
646 2423 767 2483 diutius
787 2424 985 2485 remansisse
1006 2438 1104 2496 quam
1124 2423 1301 2498 internum,
1318 2421 1413 2496 probe

143 2525 261 2583 norunt
294 2524 348 2597 qui
383 2525 607 2598 inscriptiones
642 2526 890 2600 consuluerunt;
926 2527 959 2586 in
995 2525 1129 2585 Homeri
1159 2525 1272 2584 autem
1303 2523 1415 2597 lingua

143 2625 225 2685 vivit
257 2627 387 2699 quidem
420 2626 569 2700 vigetque
600 2628 775 2703 digamma,
800 2629 855 2689 sed
880 2630 991 2688 tamen
1016 2627 1157 2687 dominio
1183 2625 1285 2685 utitur
1309 2624 1414 2685 immi·

143 2728 221 2787 nuto
253 2742 355 2800 neque
387 2729 433 2787 ita
464 2728 529 2788 late
553 2730 686 2806 patenti,
711 2732 822 2790 carent
846 2729 933 2790 enim
957 2745 995 2789 ea
1018 2742 1158 2789 consona
1181 2727 1308 2787 radices
1331 2741 1414 2787 com·

141 2827 260 2903 plures,
287 2844 314 2887 e.
339 2844 368 2901 g.
394 2825 466 2905 ὁρᾶν
491 2831 524 2889 et
547 2828 623 2906 ἱστίη
650 2826 680 2901 1).

188 2929 349 2989 Audaciae
382 2931 479 3004 igitur
510 2946 608 3004 quarn
638 2932 763 2992 inutilis
785 2934 855 2992 tarn
880 2931 1109 3006 vituperandae
1133 2931 1215 2991 foret
1237 2929 1416 2990 rescribere

143 3026 235 3099 iilic,n
264 3030 373 3101 Ησῐος
405 3030 509 3103 giving
541 3049 581 3092 ex
613 3035 805 3094 auctoritate
829 3034 999 3094 titulorum
1027 3032 1215 3108 Cypriorum
1240 3027 1262 3101 ²)
1288 3030 1416 3092 Creten·

143 3131 229 3190 sium
252 3129 497 3209 Corinthiorum,
519 3134 569 3194 vel
589 3133 682 3193 virdo
702 3135 784 3205 (coll.
806 3133 946 3212 τῖνυμοι),
968 3134 1019 3195 vel
1040 3133 1151 3211 ntpfog
1171 3131 1268 3212 sipia
1285 3134 1416 3207 propter

143 3233 366 3294 Thessalicum
396 3233 475 3295 illud
499 3234 595 3318 ndpfp
619 3240 652 3311 ³),
677 3238 728 3296 vel
753 3234 844 3314 ipius
868 3252 923 3311 pro
947 3227 1036 3313 οὖρος
1062 3236 1102 3296 ad
1127 3233 1316 3308 exemplum
1339 3233 1416 3308 lapi·

144 3336 221 3395 dum
247 3334 497 3410 corcyraeorum
520 3332 552 3407 ⁴).
576 3339 664 3399 Neve
688 3337 801 3410 εἴνατος
826 3340 971 3399 mutetur
991 3338 1024 3397 in
1043 3335 1178 3411 ἔνοοτος,
1199 3350 1281 3408 quae
1303 3337 1415 3395 tamen

145 3437 206 3496 tuit
236 3438 340 3497 forma
370 3438 545 3514 primitiva,
578 3441 766 3500 dehortatur
797 3440 936 3513 gemella
960 3440 1064 3500 torma
1087 3435 1196 3508 ἔνατος.
1220 3437 1311 3496 Inter
1334 3437 1417 3496 duas

144 3541 255 3599 autem
286 3540 414 3600 vocales
444 3557 485 3601 ne
516 3542 698 3601 inseramus
730 3543 896 3616 digamma
927 3541 1116 3602 dissuadent
1151 3539 1275 3599 formae
1310 3537 1417 3611 qualis

179 3795 197 3855 ¹)
214 3799 355 3854 Quominus
379 3793 466 3859 Ῐεσαη
493 3803 519 3846 et
544 3794 679 3853 zuritana-
705 3813 763 3847 cum
787 3800 875 3846 Fiolrio
899 3799 1080 3853 rescribamus,
1101 3795 1252 3843 dehortetur
1272 3794 1416 3856 Naupactia

144 3877 276 3936 inscriptio
302 3878 398 3925 saeculi
425 3880 453 3927 vt
475 3893 540 3938 quaa
567 3894 632 3927 anno
661 3882 724 3927 laos
753 3884 855 3939 roperta
881 3882 920 3926 ost
947 3876 1023 3942 (Iol.
1047 3878 1104 3937 331,
1129 3874 1191 3922 (loll.
1211 3875 1285 3935 1478,
1305 3874 1415 3922 Roboris

143 3956 291 4016 Epigraphy
318 3971 341 4016 p.
370 3959 437 4013 234),
462 3959 488 4004 in
514 3973 565 4018 qua
591 3960 686 4019 passini
714 3960 825 4006 occurrit
848 3959 978 4017 digamma
1004 3970 1063 4003 oum
1085 3957 1215 4003 internum
1239 3956 1296 4000 tum
1317 3952 1414 4001 initiale

143 4029 222 4097 (cifri
238 4029 356 4089 Ηκαοτος
374 4033 434 4101 etc.)
452 4040 478 4083 et
496 4041 581 4085 tamen
599 4041 662 4085 laria
679 4041 756 4085 extat.

176 4115 242 4173 Apte
268 4116 378 4162 conferri
405 4120 513 4174 possunt
538 4121 672 4177 praetcrea
698 4118 801 4164 tabulae
827 4117 1012 4163 Heracleenaes
1038 4110 1132 4177 (Gauer
1158 4109 1225 4160 Dal.¹
1252 4122 1281 4158 n⁰
1309 4114 1340 4159 40
1364 4107 1414 4175 sq.)

142 4193 239 4239 saeculi
261 4194 304 4239 Illl
325 4196 449 4255 exeuntis,
471 4197 497 4242 in
522 4197 616 4256 quibus
639 4197 760 4243 nonnulla
780 4196 906 4243 vocabula
924 4189 1005 4251 [firm
1023 4187 1107 4241 flam
1125 4182 1172 4246 ,Ρέέ
1188 4186 1280 4256 fldem)
1298 4195 1414 4239 coustan-

144 4276 183 4319 tci'
200 4279 303 4320 servant
320 4274 449 4333 digamma
468 4276 573 4332 initiale,
590 4277 622 4322 ab
640 4277 696 4323 aliis
714 4272 821 4338 (ἕκαστος
834 4277 957 4339 ἐργάζομαι
974 4276 1023 4327 ἴσος
1040 4268 1112 4335 οἰκία)
1130 4284 1181 4318 non
1195 4272 1282 4318 minua
1297 4273 1413 4318 comten-

144 4354 184 4398 ter
201 4352 281 4399 abest.
301 4379 330 4387 —
350 4354 388 4400 (li.
406 4355 495 4401 Monro
512 4357 586 4402 Hom.
605 4357 739 4403 Grammar
759 4356 774 4416 ἓ
792 4357 848 4402 404.

178 4427 198 4494 ²)
217 4433 291 4492 Gypr.
310 4434 349 4479 60.
369 4434 406 4479 (li.
426 4433 441 4492 §
459 4435 498 4480 38.

178 4507 199 4575 ι)
217 4511 331 4558 Thessal.
351 4514 406 4559 373.

177 4588 198 4656 ¹¹)
217 4592 317 4652 Corcyr.
337 4596 401 4641 alal
421 4596 447 4640 et
465 4594 537 4640 3194.
