3120 5124
445 1515 805 1603 CONSPEOTUS
836 1518 1047 1605 OPERIS.

630 1796 847 1805 ———-

88 2037 218 2092 Fontes
245 2073 1202 2089 ....................

309 2162 560 2232 Prolegomene
595 2204 1200 2218 .............

208 2270 249 2314 De
275 2268 417 2314 carminum
444 2266 636 2313 Homerioornm
662 2266 674 2312 1
699 2267 797 2324 origine
823 2270 849 2312 et
872 2268 1066 2328 compositione,
1085 2268 1110 2315 11
1128 2270 1201 2315 textu

172 2347 281 2406 tradito,
298 2347 338 2394 111
354 2344 564 2406 interpretatione
582 2345 722 2392 ethonore
740 2346 807 2392 inter
825 2349 935 2392 veteres.

332 2464 360 2519 1.
377 2464 427 2519 De
448 2467 561 2519 metro
596 2503 1202 2521 .............

210 2564 227 2632 fi
247 2569 317 2616 1De
342 2568 392 2613 arei
417 2569 444 2613 et
469 2566 543 2613 theai.
566 2562 582 2628 ἕ
605 2566 619 2611 i
643 2566 682 2612 De
703 2565 844 2612 hexametri
867 2565 973 2625 origine,
991 2566 1023 2612 de
1044 2567 1153 2626 dactylis
1177 2571 1203 2615 et

173 2646 307 2708 spondeis.
325 2643 341 2709 ἕ
358 2647 373 2692 3
391 2646 429 2692 De
448 2658 561 2692 caeenra.
579 2645 617 2691 De
635 2644 752 2691 vereibne
768 2644 953 2703 hypermetrie.

313 2764 359 2821 11.
381 2765 443 2831 (De
463 2776 592 2820 vocum
613 2761 809 2828 elementia)
847 2803 1203 2818 ........

97 2889 176 2954 Cap.
201 2885 225 2938 Ι.
247 2884 291 2938 De
312 2881 460 2937 vocalibus
481 2883 512 2935 et
532 2879 725 2947 diphthongis
748 2920 1204 2934 ..........

332 3020 354 3074 Ι.
375 3019 418 3074 De
438 3016 532 3093 vocali
554 3027 573 3071 ᾱ
598 3058 1205 3073 .............

210 3126 261 3192 §4
286 3130 324 3176 De
342 3127 424 3174 vocali
441 3131 464 3173 ἅ.
488 3121 594 3188 §cpe
612 3126 765 3185 permutatis
786 3127 888 3172 eonien
911 3131 937 3174 et
961 3147 980 3187 η.
1005 3124 1110 3190 §hbe
1127 3125 1204 3172 huius

172 3208 336 3256 confusionis
352 3207 445 3254 cancie.

313 3325 351 3379 Π.
373 3324 415 3379 De
436 3323 646 3391 contractione,
669 3323 808 3392 synizesi,
830 3326 906 3380 crasi
949 3366 1205 3381 ......

208 3438 224 3501 ᾗ
244 3440 258 3486 Ἰ
276 3440 315 3487 De
332 3438 512 3485 contractione.
531 3433 547 3499 §
564 3438 579 3484 8
596 3438 635 3484 De
653 3436 771 3496 eynineei.
790 3434 806 3501 ἓ
825 3440 839 3485 9
859 3440 897 3486 De
916 3441 991 3487 craei.

296 3556 349 3611 ΙΠ.
371 3556 414 3611 De
433 3569 572 3626 apocope,
592 3556 756 3626 aphaereei,
781 3571 913 3626 syncope
948 3599 1203 3613 ......

211 3658 227 3724 ξ
247 3662 277 3708 10
305 3661 344 3707 De
370 3672 492 3721 apocope.
519 3655 582 3721 §11
606 3660 644 3706 De
672 3660 814 3719 apheereei.
833 3657 850 3723 fi
869 3662 899 3708 12
922 3663 960 3709 De
986 3674 1098 3721 syncope
1125 3661 1202 3708 etde

172 3741 298 3802 anaptyxi
315 3741 369 3787 aire
387 3739 529 3801 epentheei.

302 3858 353 3914 IV.
374 3859 417 3913 De
437 3858 559 3914 elisione
598 3900 1204 3915 .............

210 3962 226 4027 ξ
246 3965 276 4011 13
294 3963 332 4010 De
349 3963 464 4024 elisione,
481 3964 634 4024 praesertim
653 3964 749 4011 vocalis
768 3986 786 4011 -ι
807 3969 834 4012 et
851 3965 1114 4026 diphthongornm-ne
1125 3967 1151 4010 et
1162 3981 1202 4010 -οι,

318 4080 354 4138 V.
376 4082 418 4139 De
438 4082 523 4138 hiatu
546 4122 1204 4139 ..............

212 4184 228 4250 ᾖ
249 4189 278 4233 14
295 4188 333 4235 De
350 4187 422 4235 hiatu
440 4191 499 4248 poet
516 4187 618 4247 longam
635 4187 769 4245 syllabam.
787 4184 804 4250 θ
822 4189 854 4235 15
873 4188 910 4235 De
927 4188 999 4234 hiatu
1021 4191 1079 4248 poet
1100 4187 1201 4233 brevem

174 4266 313 4326 syllabam.
339 4260 355 4329 5
376 4268 405 4313 lt
429 4266 467 4314 De
494 4265 608 4313 hiatibus
630 4279 661 4313 ex
677 4279 763 4313 errore
782 4266 862 4324 natie3
881 4267 913 4313 de
931 4267 1058 4326 particula
1077 4266 1100 4323 ἤι’
1118 4265 1160 4312 rel
1179 4260 1203 4324 i·

176 4346 251 4393 eiiaa.

302 4450 352 4505 Vi.
373 4451 416 4506 De
438 4452 621 4519 correptione
642 4464 717 4517 qnae
738 4449 772 4504 fit
791 4450 823 4504 in
843 4449 923 4505 thesi
947 4486 1206 4507 ......

214 4553 231 4618 ξ
249 4555 278 4601 17
296 4555 333 4601 De
346 4555 481 4613 longorum
496 4566 617 4602 eonornm
631 4554 656 4600 in
674 4553 742 4600 theei
759 4553 875 4601 vocalem
884 4553 1090 4600 antecedentium
1100 4564 1202 4612 correp·

176 4637 258 4684 tione.
275 4629 291 4696 θ
308 4635 338 4681 18
354 4635 393 4682 De
410 4633 543 4682 rocelibna
560 4631 717 4692 ancipitibus
735 4627 752 4678 ἃ
769 4632 780 4678 i
798 4624 815 4678 ὕ
830 4651 865 4693 ’μ
883 4651 932 4680 ω-ο.

1326 1962 1385 2018 Pap.

1351 2050 1385 2089 xl

1343 2180 1382 2220 XV

1350 2882 1387 2935 25

1350 3021 1386 3072 ic

1348 3327 1386 3380 40

1347 3559 1384 3613 52

1347 4448 1385 4504 83
