3120 5124
165 416 178 483 5
195 417 233 487 73]
740 415 780 478 97

164 602 243 677 Neque
274 607 435 679 integrum
467 621 539 666 esse
578 606 707 666 initium
746 620 900 665 versuum
939 607 958 663 Ι
990 607 1009 665 5
1044 607 1079 664 Ψ
1107 608 1169 667 195
1202 606 1313 687 Βορέης
1343 605 1393 669 καὶ

164 709 274 792 Ζέφυρος,
300 712 394 799 Βορέῃ
425 713 475 775 καλ
506 715 633 799 Ζεφύρῳ
667 716 760 775 docet
795 714 954 788 synizesis
989 714 1039 783 (ci.
1071 717 1089 784 ἓ
1120 715 1139 773 8
1164 719 1197 776 et
1227 692 1339 793 ἓ58λ;
1364 720 1393 779 si

162 822 241 885 tanen
268 800 476 886 substituitur
507 825 673 885 contracta
704 823 808 883 forma
840 825 955 901 Βορρῆς
985 824 1095 906 Βορρῳ,
1125 824 1242 884 vitium
1268 826 1393 886 tollitur

162 926 223 987 vitio.
246 929 304 988 Sed
327 929 362 988 in
386 927 571 1000 catalogum
595 926 767 1000 recipiendi
791 928 868 985 sunt
890 925 1046 985 fortasse:

223 1031 321 1090 Polo
347 1019 420 1104 φόεϊ
441 1021 470 1086 δ’
491 1025 529 1085 ἓν
551 1025 602 1086 καλ
625 1023 757 1103 ὄλεσσον,
778 1027 866 1087 codd.
891 1023 923 1085 ἒν
948 1021 980 1084 δὲ
1003 1030 1079 1102 φαεῖ
1096 1047 1122 1085 κ.
1146 1022 1242 1101 5.,01.
1268 1029 1285 1097 5
1311 1031 1361 1090 71.

222 1131 248 1188 o
285 1133 326 1190 79
350 1120 453 1205 μέλανι
476 1126 583 1208 ἔνθορε
606 1127 715 1213 πόντῳ,
738 1128 825 1188 codd.
851 1125 957 1205 ἔνθορε
981 1126 1097 1203 μείλανι
1118 1125 1225 1212 πόντῳ.

221 1255 229 1290 ι
264 1234 329 1292 425
350 1223 409 1301 ὄιες
426 1227 545 1309 όρσενες
563 1221 650 1307 ἦσαν,
670 1231 758 1291 codd.
780 1226 899 1307 όρσενες
919 1225 978 1300 όιες
991 1229 1053 1299 (vel
1065 1227 1147 1299 οἴιες)
1159 1220 1245 1308 ἦσαν,
1257 1233 1296 1293 cf.
1310 1234 1327 1301 ἓ
1342 1235 1392 1293 tl.

187 1334 364 1394 Huiusmodi
398 1347 512 1393 versus
542 1333 748 1406 grammatici
772 1332 849 1392 olim
873 1329 1042 1407 ἀκεφάλους
1064 1332 1233 1394 vocabant.
1257 1334 1393 1394 Reman·

156 1435 215 1496 sisse
235 1437 345 1496 autem
370 1434 496 1494 videtur
519 1435 598 1494 haec
621 1434 752 1495 licentia
774 1450 816 1494 ex
839 1434 1018 1506 antiquiore
1042 1435 1197 1509 tempore,
1217 1450 1280 1508 quo
1299 1436 1395 1496 hexa-

156 1539 233 1597 neter
264 1537 419 1612 inciperet
453 1552 473 1596 a
502 1537 575 1597 basi
606 1537 764 1598 liberioris
795 1536 1068 1611 conformationis,
1100 1537 1160 1596 hac
1183 1537 1217 1596 in
1240 1553 1273 1597 re
1297 1538 1396 1611 igitur

155 1639 246 1698 similis
275 1639 406 1701 Aeolico
436 1654 591 1699 versuum
622 1640 741 1714 generi,
766 1639 858 1699 cuius
881 1639 1069 1713 exemplum
1093 1654 1134 1697 ex
1157 1639 1277 1699 Alcaeo
1300 1640 1396 1700 affert

155 1739 346 1814 Hephaestion
370 1742 408 1801 do
431 1741 522 1801 Metr.
546 1757 572 1800 c.
600 1742 617 1799 7
642 1741 691 1810 (ir.
716 1741 784 1800 Alc.
810 1741 881 1809 45);

349 1839 471 1919 κέλομαί
490 1863 556 1900 τινα
577 1839 628 1900 τὸν
651 1841 786 1920 χαρίεντα
810 1839 945 1900 Μένωνα
967 1839 1116 1919 κόλεσσαι,

350 1942 383 2002 αἲ
403 1940 457 2023 χρὴ
478 1942 644 2020 συμποσίας
666 1936 710 2002 ἐπ’
735 1940 839 2002 ὄνασιν
862 1941 927 2020 ἕμοι
950 1938 1129 2021 γεγόνησθαι
1153 1939 1184 2012 ¹).

186 2044 284 2105 Latius
317 2045 418 2118 igitur
450 2061 547 2105 usum
583 2061 738 2106 versuum
773 2041 930 2120 ἀκεφάλων
965 2045 998 2104 in
1032 2045 1122 2119 opica
1152 2047 1221 2105 arte
1251 2046 1396 2120 patuisse

156 2147 272 2220 tenpore
305 2148 545 2207 antehomerico
583 2147 750 2222 credibile;
790 2148 822 2206 in
853 2148 923 2221 ipso
962 2162 1086 2220 quoque
1120 2161 1250 2221 corpore
1285 2149 1397 2209 carmi·

157 2261 214 2308 nun
240 2250 484 2310 Homericorum
515 2249 619 2309 multo
647 2248 740 2324 plura
763 2249 833 2309 eius
856 2249 995 2321 vestigia
1018 2248 1209 2322 deprehendi
1232 2250 1399 2322 ingeniosa

158 2348 345 2424 disputatione
379 2352 639 2412 demonstratum
674 2352 735 2410 ivit
769 2351 904 2411 Schulze
936 2350 1119 2425 Quaestion.
1152 2350 1237 2424 Epic.
1270 2367 1299 2426 p.
1333 2353 1396 2411 874

160 2463 216 2526 sqq,
242 2454 296 2526 qui
326 2453 390 2513 huc
420 2453 523 2513 traxit
554 2453 651 2513 verba
678 2445 760 2529 ἴομεν
784 2454 809 2510 Β
832 2453 897 2511 440
920 2455 992 2527 etc,
1017 2451 1125 2522 δαίζωο
1149 2455 1179 2508 Λ
1204 2454 1279 2528 497,
1304 2445 1398 2535 ἰανθῇ

161 2553 230 2629 χ59,
255 2547 339 2637 decep
366 2576 384 2632 ρ
409 2555 483 2629 519,
511 2545 596 2612 uldra
625 2555 650 2611 Β
674 2556 715 2614 56
736 2555 808 2629 eto,
833 2545 904 2624 σόος
927 2556 959 2612 Χ
980 2555 1054 2629 332,
1071 2548 1257 2629 ’Όλυμπόνδ’
1286 2555 1311 2613 Θ
1334 2556 1398 2615 439

162 2650 235 2731 llo,
274 2648 358 2734 όρεος
391 2659 420 2714 Γ
451 2657 492 2716 34
532 2657 605 2731 etc,
642 2649 789 2733 ocpopdee'
833 2656 867 2713 N
903 2657 965 2715 557
1003 2655 1094 2724 (item
1129 2654 1206 2715 Hes.
1241 2656 1297 2731 Op.
1335 2657 1398 2717 528

162 2749 183 2809 h.
205 2754 262 2816 Cer.
298 2757 362 2833 48),
402 2772 483 2831 quae
525 2759 637 2818 tamen
672 2758 855 2818 maximam
895 2759 1022 2832 partem
1068 2757 1242 2817 admodum
1276 2759 1400 2819 incerta

163 2855 229 2916 nohis
255 2859 415 2919 videntur.

193 2957 317 3021 landem
340 2975 439 3034 quam
461 2960 595 3035 primae,
619 2961 720 3020 etiam
751 2963 864 3020 sextae
885 2961 950 3020 arsi
972 2975 1159 3020 concessam
1180 2961 1280 3021 fuisse
1306 2962 1399 3023 licen·

165 3057 221 3119 lion
246 3065 277 3122 et
305 3065 434 3123 veteres
456 3063 662 3134 grammatici
685 3064 850 3139 putarunt,
874 3061 1032 3140 μειούρους
1064 3065 1218 3123 vocantes
1241 3064 1400 3125 eiusmodi

166 3156 349 3241 hexametros,
381 3164 414 3223 et
445 3163 578 3223 schulze
609 3163 629 3223 l.
654 3163 675 3223 l.
700 3179 730 3238 p.
755 3165 820 3223 430
844 3178 912 3236 sqq.
941 3164 1074 3237 probare
1098 3166 1233 3224 conatus
1256 3168 1308 3226 est
1330 3182 1400 3227 con·

167 3264 239 3329 gestis
255 3266 340 3326 hisce
363 3265 513 3324 vocibus:
537 3255 610 3340 ὅφιν
635 3266 676 3322 Μ
697 3264 771 3340 208,
790 3257 823 3346 ἕῳ
843 3257 881 3322 ἔω
901 3265 934 3320 H
953 3266 1018 3323 340
1039 3266 1057 3322 I
1075 3265 1138 3324 245
1160 3266 1236 3326 Hes
1259 3267 1314 3342 Op.
1337 3270 1400 3327 577

168 3363 218 3437 eu,
235 3365 319 3425 κάνεα
341 3389 359 3425 ιι
383 3367 458 3441 855,
482 3372 598 3440 cepeoii
621 3387 639 3424 ιι
663 3366 738 3441 889,
763 3355 872 3441 φαιέος
896 3365 974 3425 Hes,
992 3366 1110 3439 Theog.
1132 3368 1197 3426 310
1217 3367 1303 3428 Scut.
1328 3371 1400 3444 144,

170 3460 221 3538 lor,
239 3458 307 3527 κὲων
326 3467 341 3540 ξ
362 3467 437 3541 425,
462 3456 561 3543 νεμέσι
586 3468 610 3523 Ζ
635 3469 709 3543 335,
733 3466 847 3537 θόᾶκος
870 3488 932 3525 -ιιοι
956 3467 1055 3537 (codd.
1083 3465 1202 3539 θόωκος
1221 3473 1293 3538 -ιιοιλ
1317 3470 1336 3547 β
1360 3472 1400 3530 26

168 3565 256 3643 polo,
278 3564 349 3628 ddo'v
371 3590 389 3647 ρ
416 3569 488 3643 196,
513 3559 585 3646 {dyo
609 3571 640 3625 Λ
665 3570 738 3644 559,
761 3565 861 3627 κέαται
886 3570 985 3639 (codd.
1013 3564 1140 3637 κέονται)
1164 3571 1196 3626 Χ
1217 3571 1281 3629 510
1301 3574 1316 3628 λ
1337 3572 1399 3630 341

166 3664 258 3744 naar,
287 3666 378 3745 ἐφιείς
410 3672 438 3727 Α
463 3671 514 3745 51,
538 3664 620 3748 deleo
644 3666 755 3733 5435
780 3671 840 3731 etc.
867 3705 907 3713 —
933 3670 1043 3744 Specie
1068 3670 1220 3744 deceptus
1244 3673 1319 3743 quin
1343 3673 1403 3732 hoc

164 3767 230 3826 corta
257 3770 323 3832 loco
357 3786 378 3831 a
411 3773 500 3832 recta
533 3772 587 3831 via
620 3773 670 3831 vir
701 3773 815 3834 doctus
848 3773 1045 3832 aberraverit
1067 3772 1160 3831 nobis
1183 3773 1314 3832 dubium
1339 3789 1402 3833 non

165 3865 265 3930 ridetur
286 3877 317 3942 ¹).

194 4064 276 4150 823.
297 4076 409 4137 Multis
432 4077 511 4138 locis
533 4078 645 4138 textus
669 4079 780 4138 traditi
802 4079 928 4152 syllaba
951 4079 1057 4138 brevis
1081 4080 1114 4136 in
1142 4078 1207 4136 arsi
1230 4092 1285 4151 pro
1309 4077 1404 4150 longa

152 4173 280 4237 adhibita
301 4194 373 4239 esse
393 4179 529 4255 videtur,
551 4195 625 4240 cum
646 4196 760 4240 revera
780 4181 874 4253 longa
894 4181 937 4240 sit
956 4181 1123 4254 positione,
1144 4180 1183 4238 ci.
1197 4180 1214 4247 5
1228 4181 1279 4238 24.
1300 4181 1404 4253 Aptis-

177 4431 197 4490 ’λ
220 4433 264 4481 Oui
280 4436 397 4495 exemplo
420 4449 452 4482 ne
474 4437 550 4483 nimis
572 4438 683 4484 multum
709 4439 863 4496 tribuamus,
887 4439 1053 4486 observemus
1071 4442 1172 4498 oportet
1191 4453 1240 4484 non
1257 4438 1334 4497 primi
1352 4441 1406 4482 tan-

140 4519 197 4563 tum
212 4513 349 4562 sedetiam
367 4516 453 4574 quarti
470 4516 544 4575 pedis
559 4517 761 4566 conformatione
774 4516 817 4582 (cl.
837 4520 880 4578 §3
899 4533 924 4578 p.
944 4522 974 4566 18
993 4520 1058 4578 sqq.)
1076 4519 1162 4565 Alcaei
1179 4518 1226 4564 hoa
1244 4518 1407 4564 hexametros

138 4610 153 4642 a
171 4593 285 4641 versibus
301 4594 414 4642 heroicis
430 4594 584 4654 discrepare.

1288 4683 1301 4729 7
