3082 5100
752 290 771 347 8
1328 290 1397 361 [53

127 481 285 554 sequenti.
320 481 358 540 In
392 479 598 554 inscriptione
635 478 747 540 (loliitz
782 474 894 540 3342'2
926 468 1020 555 ἦλθεν
1050 476 1173 554 κάμνων
1204 480 1259 540 eat
1291 478 1399 540 exitus

128 582 326 656 hexametri;
352 581 406 641 ubi
429 581 624 654 quantillum
648 581 753 640 iuerat
777 576 872 657 ἤλυθε
896 595 1040 640 exarare.

173 685 233 744 Sed
257 685 336 744 haec
359 686 393 744 et
411 683 532 743 similia
557 677 578 752 ¹)
601 682 679 741 nihil
703 682 839 756 probant
860 683 923 742 nisi
946 696 1042 743 aures
1065 696 1129 743 non
1153 682 1257 743 tuisse
1281 682 1327 743 iis
1348 682 1400 755 qui

129 785 240 845 invitis
270 785 375 845 musis
404 786 488 845 tales
511 799 626 844 versus
649 789 886 859 componerent.
911 786 948 844 In
972 799 1111 858 quorum
1134 798 1272 845 numero
1298 783 1400 845 fuitne

128 887 228 948 etiam
260 888 475 947 Antimachus
506 886 743 960 colophonius?
765 887 921 946 traditum
946 890 1032 948 certe
1057 887 1243 961 accepimus
1266 901 1348 949 eum
1369 886 1399 946 in

128 989 191 1049 line
214 988 397 1049 hexametri
419 988 545 1048 dedisse
568 977 607 1064 ἦν
636 984 774 1065 ἀνδρῶνι

366 1087 450 1149 Ἴδεώ
473 1082 501 1147 θ’
527 1083 561 1159 ὃς
583 1088 736 1167 κάρτιστος
760 1087 940 1167 ἐπιχθονίων
964 1080 1001 1167 ἦν
1024 1086 1155 1168 ἀνδρῶν,

130 1194 192 1252 vid.
219 1192 415 1267 Porphyrius
437 1192 520 1266 apud
544 1190 717 1252 Eusebium
750 1192 933 1266 Praeparat.
955 1192 1077 1265 Euang.
1103 1192 1134 1251 X
1159 1194 1178 1252 3
1202 1190 1400 1261 (Antimach.

130 1295 167 1354 ir.
204 1296 245 1353 34
280 1294 448 1364 Duebner).
484 1294 545 1355 Sed
579 1295 706 1355 credere
742 1296 859 1355 durum
894 1298 954 1369 est,
987 1295 1141 1367 quoniam
1171 1295 1231 1354 aut
1254 1290 1304 1353 ἔεν
1329 1294 1402 1355 dara

129 1398 256 1469 poterat
289 1397 347 1456 aut
380 1389 480 1473 γένετ’,
513 1396 546 1456 id
581 1396 664 1469 quod
699 1396 790 1456 extat
821 1396 890 1456 loco
919 1396 1091 1456 Homerico
1115 1410 1211 1469 quem
1236 1396 1403 1471 repetebat

130 1497 266 1566 (15581.
301 1498 414 1569 Itaque
449 1498 602 1571 suspecta
635 1498 686 1556 ost
715 1495 795 1556 fides
826 1497 1044 1571 Lycophronis
1073 1496 1309 1558 Antimachum
1334 1512 1400 1558 con·

131 1597 217 1658 sulto
248 1598 294 1658 sic
325 1599 481 1660 cecinisse
510 1598 531 1658 1.
556 1598 577 1658 1.
601 1600 821 1659 asseverantis
848 1595 907 1674 ,ὡς
931 1596 981 1657 διὰ
1009 1598 1117 1676 ταύτης
1140 1605 1193 1676 τῆς
1216 1594 1403 1676 μεταθέσεως

131 1695 418 1778 ἕστηριγμὲνου
453 1707 520 1759 τοῦ
555 1698 729 1776 στίχου”;
766 1701 852 1759 certe
888 1716 984 1760 nemo
1013 1701 1106 1761 hodie
1140 1700 1170 1761 ei
1204 1700 1403 1761 assentietur

132 1803 278 1876 pulcrum
302 1801 402 1862 talem
426 1817 542 1862 versus
564 1801 683 1861 heroici
706 1801 833 1860 exitum
857 1802 1021 1863 iudicanti.

177 1904 212 1962 ln
233 1903 398 1976 dactylum
420 1905 530 1964 autem
552 1903 724 1977 postquam
744 1903 872 1963 solutus
891 1905 942 1964 est
961 1920 1018 1978 pes
1034 1903 1235 1979 penultimus
1248 1918 1403 1965 versuum

132 2005 378 2065 Homericorum
413 2020 493 2078 quos
527 2019 625 2078 supra
659 2005 875 2081 enotavimus‚
911 2006 943 2065 hi
974 2006 1104 2066 tantum
1136 2006 1170 2067 in
1198 2006 1289 2081 poesi
1315 2004 1405 2081 opica

132 2108 257 2165 restant
279 2106 462 2167 hexametri
485 2106 648 2180 spondiaci
671 2106 705 2165 in
730 2104 925 2178 disyllabum
950 2109 1123 2169 exeuntes:

245 2208 263 2266 δ
287 2210 350 2268 604
374 2211 405 2270 h.
432 2209 499 2270 Cer.
525 2210 588 2268 453
612 2211 664 2285 κρῖ
683 2205 797 2267 λευκόν.

244 2333 265 2386 μ
289 2311 330 2370 64
352 2306 396 2382 λὶς
418 2307 517 2389 πέτρη.

245 2413 274 2470 h.
299 2411 366 2472 Cer.
393 2414 456 2471 204
480 2416 559 2489 σχεῖν
582 2411 692 2486 θυμόν.

245 2513 337 2587 cypr.
362 2514 399 2573 fr.
424 2515 454 2589 9,
480 2516 499 2574 5
523 2514 556 2573 in
579 2512 679 2573 schol.
704 2512 794 2572 Pind.
819 2513 912 2574 Nem.
937 2514 968 2573 X
996 2516 1056 2574 114
1080 2512 1171 2592 ἄμφω
1194 2514 1305 2593 κοίλης.

177 2615 320 2690 Quorum
344 2616 467 2676 incerta
488 2617 539 2675 est
563 2615 734 2689 correctio;
760 2616 815 2676 sed
840 2615 975 2676 ultimos
995 2617 1114 2678 saltem
1134 2618 1214 2678 duos
1233 2616 1323 2678 iocos
1348 2616 1407 2676 aut

133 2733 196 2776 non
231 2718 338 2778 deberi
370 2719 499 2777 vetusto
533 2718 647 2790 poetae
671 2718 815 2776 autnon
839 2717 923 2778 tales
946 2720 986 2779 ah
1010 2734 1047 2779 eo
1071 2735 1144 2780 esse
1167 2719 1310 2794 prolatos
1333 2719 1407 2779 tute

134 2818 354 2893 contenderis;
385 2819 534 2878 insolitas
565 2819 677 2877 autem
707 2817 886 2878 locutiones
909 2822 962 2896 κρῖ
980 2818 1085 2879 λευκόν
1109 2823 1143 2881 11
1165 2817 1209 2893 tic
1231 2816 1324 2898 πέτρη
1350 2836 1408 2896 pro

134 2918 271 2992 singuiis
301 2920 467 2980 vocabulis
495 2919 647 2979 hahuisse
671 2919 820 2979 videntur
843 2923 1002 2981 cantores.
1029 2922 1162 2984 Idenrne
1191 2922 1408 2983 statuendum

135 3021 173 3080 de
200 3021 340 3081 formula
371 3015 437 3080 οὐδ’
468 3017 577 3098 ἠβαιόν
605 3019 673 3090 (el)
706 3021 738 3080 in
772 3021 1036 3082 hexametrorum
1057 3024 1147 3083 exitu
1168 3024 1263 3083 obvia
1283 3024 1408 3099 11380,

136 3126 200 3184 386
233 3126 266 3182 Ν
297 3126 370 3199 106,
398 3124 461 3184 102
485 3120 513 3187 Ξ
535 3125 595 3183 141
624 3124 1236 3200 113611141351111881011111
1266 3124 1409 3199 Bergirio

137 3226 224 3285 enim
246 3227 402 3299 putamus
425 3225 628 3286 scribendum
653 3240 726 3285 esse
749 3218 816 3283 odd'
843 3215 862 3301 ἦ
886 3223 975 3303 dcciv
1003 3226 1118 3302 (βαιαί).

181 3424 257 3506 33.
292 3429 429 3489 Schema
463 3430 560 3503 igitur
590 3429 772 3488 hexametri
803 3428 836 3487 in
864 3443 941 3488 suos
971 3430 1069 3502 pedes
1100 3430 1206 3506 divisi,
1229 3430 1259 3490 si
1281 3430 1411 3492 nuliam

137 3533 263 3592 ictuum
286 3546 481 3592 caesuraeve
504 3531 664 3591 rationem
688 3530 856 3604 habemus,
880 3530 940 3590 hoc
964 3532 1031 3592 est:
1088 3610 1096 3625 ‚

184 3737 245 3795 Sed
280 3734 438 3794 eiusmodi
473 3737 600 3796 ordines
623 3737 823 3811 syllabarum
854 3735 917 3795 etsi
945 3734 1079 3794 describi
1107 3737 1252 3809 possunt,
1275 3733 1415 3797 auribus

139 3838 195 3896 vix
226 3851 368 3910 unquam
399 3837 633 3913 percipiuntur;
659 3839 718 3897 has
742 3838 829 3897 enim
854 3837 1045 3910 praesertim
1071 3835 1216 3896 afficiunt
1239 3837 1411 3899 111111111-

140 3955 237 3999 suum
272 3940 305 3999 et
338 3939 508 3999 1111111111.
544 3938 741 4014 Quapropter
775 3953 890 3998 versus
925 3938 1035 4011 epicus
1076 3938 1178 4010 signis
1215 3936 1337 3999 melius
1363 3939 1415 4000 sic

141 4042 407 4216 exprimitur:

391 4132 610 4237 imi
591 4135 663 4227 ¹¹
647 4133 848 4242 haiil

187 4261 222 4319 ln
255 4275 316 4333 quo
340 4261 506 4322 schemate
529 4266 664 4337 1111111111
687 4262 771 4321 ictus
794 4276 870 4335 prae
893 4261 1010 4321 ceteris
1021 4208 1141 4319 valere
1165 4258 1265 4334 vides,
1289 4258 1413 4334 duplex

178 4467 196 4534 ¹)
215 4471 252 4518 Ex
270 4484 326 4518 sera
344 4471 416 4532 poesi
434 4470 563 4531 congessit
581 4470 698 4532 exempla
715 4468 822 4529 Hilherg
840 4469 857 4514 1.
875 4468 891 4514 i.
910 4482 934 4530 p.
955 4469 985 4515 14
1002 4481 1058 4529 sqq.
