3120 5124
715 403 779 462 249

615 719 801 802 CAPUT
825 719 898 804 VI.

650 909 863 966 Numeralia.

197 1103 269 1188 flii.
287 1115 473 1176 Numeralia
504 1117 674 1190 sequentia
707 1119 892 1178 memoratu
919 1117 1052 1190 dignum
1077 1117 1197 1190 aliquid
1220 1117 1339 1177 habent
1362 1118 1395 1177 in

167 1209 244 1286 lngus
258 1215 355 1291 spica:

664 1381 859 1444 Oardiualia.

195 1548 276 1631 ἱεῖς,
303 1558 380 1619 fem.
411 1557 464 1635 μίᾶ
486 1557 558 1636 pide
581 1566 650 1636 μιῆς
677 1558 747 1620 sive
770 1557 802 1617 ἴᾶ
824 1557 875 1618 ite
897 1557 945 1636 ἰῆς
969 1557 1000 1643 ip
1023 1555 1053 1635 (5
1077 1556 1142 1637 33).
1168 1592 1208 1600 -
1241 1557 1266 1616 il
1289 1556 1395 1617 radice

167 1666 201 1728 lu
217 1655 301 1733 (aenei
322 1658 398 1738 etc.)
420 1661 606 1734 prodierunt
625 1652 666 1732 εἷς
689 1657 782 1739 (σεμς)
807 1664 841 1722 et
863 1660 916 1738 μίιι
940 1658 1046 1738 (σμια),
1067 1661 1180 1721 deinde
1199 1658 1392 1719 femininum
1503 1692 1506 1698 -

166 1749 243 1816 ύιίι
267 1763 323 1823 etc.
359 1761 505 1822 litteram
537 1783 557 1838 μ
592 1762 633 1822 ad
668 1763 851 1837 analogiam
885 1763 1060 1824 masculini
1093 1762 1249 1822 abiecisse
1286 1759 1392 1820 verisi-

167 1856 218 1918 mile
234 1864 276 1922 est
296 1859 330 1940 ¹).

194 1957 357 2039 Hetaplasta
388 1964 492 2025 forma
524 1962 558 2047 lp
588 1963 666 2043 (dat.
690 1962 807 2043 neutr.)
833 1968 858 2023 Z
882 1967 946 2024 422
971 1965 1074 2039 ipsine
1100 1965 1214 2038 poetae
1239 1964 1392 2024 debeatur

166 2071 193 2118 ³11
212 2066 408 2136 posteriorum
440 2065 534 2139 culpa
564 2064 597 2126 in
627 2068 755 2126 textum
790 2067 954 2140 irrepserit
983 2067 1154 2127 incertum.
1182 2064 1278 2125 Redit
1301 2062 1335 2146 ἰῷ
1359 2063 1393 2122 in

165 2155 212 2232 lege
228 2164 380 2240 Gortynia.

192 2261 273 2328 Errori
294 2269 429 2329 debetur
451 2268 623 2329 masculini
646 2269 750 2329 forma
773 2269 933 2343 disyllaba
955 2265 1011 2340 ἕεις
1030 2285 1087 2344 pro
1112 2261 1153 2340 εἷς
1174 2269 1251 2328 Hes.
1272 2267 1390 2339 Theog.

166 2359 215 2440 145,
231 2370 276 2441 qui
299 2385 414 2430 versus
437 2370 505 2431 iure
528 2371 702 2431 damnatur
724 2371 764 2431 ab
788 2372 977 2446 editoribus3
1007 2373 1040 2432 in
1064 2372 1197 2432 Homeri
1220 2371 1314 2430 textu
1337 2365 1393 2440 ἕεις

164 2473 207 2524 nen
222 2472 366 2545 reperitur
388 2486 492 2545 neque
516 2473 545 2529 E
569 2473 632 2533 603
656 2476 699 2542 (=
716 2475 743 2530 Y
764 2474 816 2543 98)
840 2476 951 2533 autA
975 2476 1016 2534 35
1040 2476 1092 2535 est
1114 2473 1340 2534 invehendum.

192 2562 288 2632 Udo
311 2573 382 2632 eive
406 2571 461 2633 δύο
485 2573 535 2644 (ci.
559 2574 577 2643 ἓ
604 2573 665 2643 18).
691 2609 731 2617 -
756 2575 874 2635 Addito
898 2575 1017 2636 suffixo
1049 2597 1108 2646 -ιος
1132 2576 1207 2635 hinc
1226 2572 1264 2633 fit
1288 2573 1393 2633 dualis

164 2660 213 2727 ³⁰¹6
229 2675 257 2733 et
275 2674 409 2750 pluralis
432 2674 511 2735 δοιοί
532 2674 600 2735 δοιά
625 2674 706 2736 docel
728 2678 789 2737 ete.
814 2673 847 2746 ²).

194 2770 337 2837 Genitivus
359 2778 412 2838 est
433 2776 496 2837 δύω
519 2799 537 2836 κ
562 2779 625 2837 515
651 2776 706 2837 δύο
730 2779 758 2836 l(
783 2779 858 2852 253,
882 2778 1012 2839 dativus
1036 2779 1099 2839 δύω
1122 2778 1240 2852 legitur
1266 2778 1301 2835 N
1317 2777 1392 2836 407.

193 2869 245 2937 Uno
273 2879 342 2940 loco
376 2879 493 2952 legitur
528 2876 559 2938 ἐν
596 2878 674 2962 δοιῇ,
706 2880 741 2939 ia
774 2880 875 2957 dubio,
910 2883 928 2939 Ι
958 2882 1032 2942 230.
1064 2881 1203 2942 Verbum
1234 2876 1395 2948 ἐνδοιάζειν

167 2967 266 3038 eluro
286 2981 319 3040 in
342 2979 453 3054 lingua
475 2981 566 3055 spica
590 2996 653 3040 non
678 2982 845 3056 reperitur.

195 3073 319 3142 lerinam
351 3083 530 3144 breviorem
561 3082 616 3144 δύο
649 3084 893 3158 praeferendam
918 3100 991 3145 esse
1015 3084 1117 3145 sicubi
1141 3084 1228 3144 sinat
1251 3084 1395 3142 metrum

168 3177 262 3242 luebat
278 3183 376 3246 Cobet
395 3184 549 3246 Mnemos
576 3185 661 3244 1874
681 3201 710 3259 p.
733 3188 796 3246 356
811 3190 854 3256 (=
866 3186 954 3246 Misc.
978 3185 1053 3246 urit.
1078 3201 1108 3259 p.
1126 3186 1212 3258 294),
1227 3185 1282 3244 vix
1308 3184 1395 3243 recte

169 3268 256 3356 tamam
277 3300 353 3345 nam
377 3301 419 3344 ex
442 3286 621 3360 antiquiore
645 3286 749 3346 forma
772 3286 834 3346 δύω
859 3287 909 3358 (cf.
936 3285 1081 3356 δυώδεκα)
1104 3289 1216 3346 natam
1240 3301 1312 3345 esse
1336 3284 1394 3343 for·

171 3383 228 3439 beu
245 3387 474 3458 pyrrhichicam
502 3385 568 3462 δύο,
586 3401 649 3447 non
672 3402 748 3447 vero
772 3389 855 3448 hanc
875 3388 1058 3449 excrevisse
1081 3389 1114 3446 in
1137 3388 1277 3448 formam
1299 3385 1395 3459 poeti·

171 3485 217 3537 tlli
232 3482 294 3562 δύω,
316 3487 379 3548 lert
402 3487 501 3562 ratio;
527 3489 705 3549 deminutio
731 3491 840 3550 autem
865 3489 935 3549 soni
959 3489 992 3548 in
1023 3490 1108 3549 thesi
1132 3490 1262 3548 tantum
1285 3501 1394 3560 expec-

171 3576 234 3659 δύω,
252 3602 275 3648 e.
297 3604 328 3662 g.
352 3611 363 3647 ι
389 3591 429 3649 74
455 3589 516 3649 δύω
540 3589 649 3661 νύκτας
674 3589 729 3651 δύο
753 3584 772 3649 τ’
799 3587 905 3668 ἤματα.
927 3592 964 3651 In
985 3592 1051 3651 arsi
1075 3606 1150 3650 vero
1169 3589 1313 3663 praestat
1333 3586 1396 3646 δύω

171 3677 259 3747 densi
283 3691 442 3764 positione
472 3693 667 3766 producatur
692 3692 820 3766 syllaba
843 3692 961 3765 finalis,
986 3709 1013 3753 e.
1038 3709 1067 3765 g.
1090 3683 1136 3750 υἷε
1160 3691 1223 3750 δύω
1246 3688 1395 3767 Πριάμοιο

116 3786 118 3841 ῗ
169 3782 258 3865 4102,
279 3791 341 3851 δύω
365 3791 488 3871 Κρόνου
511 3785 558 3852 υἷε
581 3794 613 3851 Ν
638 3795 713 3869 345,
738 3791 770 3853 ἒν
794 3790 826 3853 δὲ
851 3794 912 3854 δύω
936 3802 1043 3871 κρῆναι
1066 3816 1085 3869 η
1112 3793 1184 3852 129.

194 3880 365 3973 ίιὲσσᾶρες
391 3896 425 3954 et
446 3891 569 3971 πΐσύρες
592 3891 721 3974 πΐσύρας
749 3897 775 3955 Ο
798 3897 863 3956 680
890 3900 920 3955 Ψ
947 3897 1007 3955 171
1033 3894 1065 3952 Ω
1097 3896 1160 3954 233
1185 3915 1197 3952 ε
1223 3895 1264 3953 70
1287 3914 1309 3951 π
1333 3894 1396 3951 249

165 4058 344 4078 ..Ἢ

181 4166 194 4229 ¹]
207 4173 328 4224 feminino
354 4179 380 4223 ia
402 4181 549 4225 constanter
571 4180 652 4226 utitur
676 4180 801 4227 disiectus
824 4181 925 4228 Lesbia.
950 4181 988 4227 Ab
1012 4181 1062 4226 alia
1082 4181 1167 4227 radice
1191 4181 1268 4227 ducta
1291 4193 1348 4226 esse
1374 4182 1398 4225 ἴα

154 4253 217 4316 Ηῤ,
239 4269 328 4318 nempe
352 4270 413 4303 cum
436 4258 561 4306 adieetivo
584 4254 634 4313 οἶος
656 4263 682 4306 at
706 4261 785 4307 latino
808 4275 879 4308 oenus
903 4256 987 4324 (unua)
1006 4262 1150 4318 cohaerere,
1167 4262 1210 4307 alii
1224 4264 1329 4320 putant;
1347 4260 1396 4306 rid.

151 4332 237 4392 topica
251 4336 319 4383 hom.
338 4337 453 4383 Gramm.
471 4352 495 4397 p.
514 4340 553 4385 80.

171 4411 189 4465 'i
204 4414 223 4461 E
237 4415 283 4461 δύω
299 4415 381 4474 igitur
398 4409 493 4470 dforoc
509 4407 593 4471 δύσιός
610 4420 706 4465 factum
726 4423 776 4475 est;
801 4421 907 4466 fortasse
927 4421 1004 4467 etiarn
1030 4423 1146 4467 cantores
1169 4421 1236 4479 epici
1255 4413 1331 4466 dferd
1350 4422 1398 4465 etc.

143 4493 254 4555 dicebam,
271 4507 402 4553 nusquam
420 4497 505 4543 tamen
524 4498 660 4544 manifesta
677 4500 786 4558 vestigia
800 4501 922 4558 digammi
937 4505 1069 4560 apparent,
1084 4503 1110 4546 at
1127 4504 1157 4545 M
1176 4503 1224 4548 464
1239 4504 1307 4548 certe
1322 4501 1400 4546 inter·

138 4574 221 4624 mise
236 4578 349 4622 metrum
368 4573 451 4621 docet.
