3120 5124
134 410 326 480 lvo-176]
698 410 763 469 415

122 596 186 659 det.
211 596 296 658 Hinc
317 597 396 659 sunt
418 597 473 671 qui
494 597 701 672 suspicentur
725 595 828 656 πνείει
859 597 964 657 θείειν
988 599 1048 658 etc.
1073 612 1130 672 pro
1153 593 1246 655 πνείει
1269 593 1365 655 θείειν

122 700 256 760 ribenda
279 715 362 776 esse,
386 698 514 760 collatis
537 698 645 760 verbis
669 698 746 758 σεύω
769 697 894 775 δεύομαι
917 701 951 759 et
973 699 1104 759 aoristis
1124 694 1210 776 ἔχευα
1230 693 1365 774 ἠλεύατο.

122 802 157 862 isi
184 804 298 863 tamen
328 801 432 877 fallor,
456 816 571 862 omnes
601 801 770 877 scrupulos
802 800 914 862 evellit
939 802 1172 862 adiectivorum
1197 800 1364 860 feminino·

122 917 163 962 un
194 902 227 963 in
256 906 318 962 -εῖα
347 903 577 964 conformatio:
612 896 926 980 ἡδύς-ἡδείηα-ἡδεῖα.
954 902 1039 962 Hinc
1063 903 1150 963 enim
1176 903 1310 977 apparet
1332 902 1365 961 in

122 1004 334 1066 emivocalium
364 1005 400 1082 ίμ
433 1004 583 1066 conflictu
614 1004 781 1079 digamma
813 1019 877 1064 non
906 1005 1073 1065 obstitisse
1097 1004 1270 1077 quominus
1294 1019 1365 1064 nas·

122 1109 214 1167 eretur
246 1107 465 1182 diphthongus
499 1127 534 1181 ει,
564 1106 645 1166 item
676 1119 687 1163 ι
718 1121 759 1166 ex
782 1109 808 1164 ῖί
833 1106 866 1165 in
891 1104 940 1164 δῖα
964 1131 997 1152 =
1021 1105 1125 1183 διίηοι;
1155 1121 1237 1179 quae
1261 1106 1290 1165 si
1313 1121 1363 1180 ge·

122 1208 188 1268 uiua
208 1208 380 1284 ducuntur,
406 1242 446 1251 -
471 1207 505 1268 et
525 1208 599 1280 quis
623 1207 764 1268 Homero
789 1209 840 1267 est
867 1206 1133 1268 abiudicaturus?
1160 1241 1200 1250 —
1224 1222 1288 1267 non
1313 1209 1365 1267 est

122 1322 151 1367 ur
169 1324 283 1370 sonum
307 1331 339 1367 αι
362 1310 533 1370 verborum
554 1307 628 1368 καίοι
649 1309 709 1369 etc.
732 1308 783 1368 vel
807 1323 925 1368 sonum
949 1329 974 1367 ει
1001 1310 1170 1370 verborum
1196 1307 1269 1368 θείω
1290 1311 1362 1385 etc,

122 1410 149 1480 ui
177 1411 313 1471 eandem
346 1410 467 1471 habent
497 1411 666 1486 originem,
700 1410 946 1484 addubitemus;
982 1410 1220 1482 quadamtenus
1252 1413 1364 1471 autem

122 1512 222 1573 auferri
244 1515 354 1587 potest
376 1512 593 1587 diphthongus
620 1512 708 1573 verbi
732 1510 824 1589 χαίροι
848 1537 881 1557 =
904 1532 998 1589 χαρμο
1023 1515 1056 1573 et
1083 1513 1252 1572 similium.

143 1612 229 1675 flisco
251 1614 442 1689 praemissis
466 1613 564 1674 verba
588 1629 670 1686 quae
694 1614 757 1673 huc
780 1614 943 1687 pertinent
967 1615 1218 1676 recensebimus.

143 1824 249 1907 titt.
274 1834 336 1902 (ου)
360 1829 436 1890 tadu
459 1834 577 1890 noctem
601 1830 741 1904 trouetpo
769 1831 787 1888 I
810 1831 874 1890 325
899 1832 963 1890 etc.
988 1827 1104 1905 (praes,
1125 1831 1159 1890 et
1174 1830 1311 1905 imperf.)
1325 1864 1365 1874 -

122 1934 239 1993 ioristus
262 1931 364 2006 ίαυοα,
385 1933 419 1992 in
442 1948 504 2006 quo
528 1934 659 1993 servata
679 1935 731 1993 est
750 1933 930 2007 praesentis
952 1931 1161 2006 reduplicatio
1180 1931 1231 2002 (ci.
1248 1931 1365 2018 5139),

122 2035 226 2095 counit
257 2034 337 2094 locis
369 2035 552 2095 recentibus
583 2035 684 2095 1201
719 2037 772 2104 (ex
804 2029 915 2095 2213
948 2032 1089 2101 reflctus)
1121 2033 1151 2093 h.
1177 2032 1271 2093 Mero.
1301 2034 1364 2094 289

122 2139 162 2195 er.
191 2137 264 2196 265.
298 2134 384 2195 Alibi
415 2136 448 2195 in
471 2137 591 2196 aoristo
615 2135 732 2195 dicitur
754 2130 827 2193 ι’ίεοα
854 2149 874 2194 a
897 2134 997 2209 stirpe
1021 2131 1134 2205 αἰίε(ο);
1158 2157 1176 2213 μ
1203 2135 1275 2209 151,
1301 2137 1366 2195 490

135 2238 272 2314 40,188
304 2238 424 2311 13423
457 2237 674 2311 suspicionem
707 2257 729 2295 π
753 2239 816 2298 307
841 2240 953 2297 movet
976 2237 1081 2298 iorma
1104 2233 1217 2313 ι’ίοομεν
1241 2240 1369 2311 propter

122 2339 252 2400 uenlium
283 2361 317 2398 αε
348 2339 619 2414 contractionem;
654 2355 710 2415 pro
742 2332 783 2398 ἐπ’
818 2335 943 2415 ἠπείρου
974 2331 1054 2398 νύκτ’
1090 2333 1203 2415 ἐίσαμεν
1231 2337 1369 2399 fortasse

122 2442 262 2513 sendum
287 2435 329 2499 ἐπ’
356 2437 490 2519 ἠπείροιο
513 2437 669 2517 ἀέυσαμεν,
692 2455 754 2514 quo
778 2441 866 2501 ducit
891 2457 919 2500 v.
944 2440 965 2500 1.

138 2640 253 2724 §175-
276 2647 381 2723 (yet-v).
1448 2707 1452 2715 ‚

142 2746 168 2807 1.
197 2744 283 2805 κύδεϊ
309 2743 404 2824 γαίων
436 2748 463 2803 Α
487 2744 551 2804 405
583 2745 609 2801 Ε
633 2744 697 2805 906
732 2744 757 2803 Θ
782 2746 821 2805 51
856 2751 885 2802 Λ
908 2745 960 2804 81.
988 2777 1027 2786 -
1053 2744 1102 2803 Ad
1134 2743 1269 2803 eandem
1294 2744 1364 2803 stir-

122 2860 167 2907 am
199 2847 403 2909 referendum
437 2846 565 2907 videtur
605 2847 769 2922 epitheton
804 2837 926 2925 βουμάιε
962 2847 994 2903 N
1016 2846 1081 2904 824
1113 2846 1206 2921 σ79,
1239 2848 1367 2906 constat

122 2951 203 3010 rtem
233 2950 273 3010 ab
297 2965 335 3011 ea
359 2950 494 3010 ductum
518 2964 590 3009 esse
614 2949 811 3009 adiectivum
834 2955 956 3026 γαῦρος,
976 2946 1059 3020 quod
1083 2947 1116 3006 in
1139 2948 1229 3021 opica
1252 2949 1363 3007 tamen

122 3051 228 3113 ctione
252 3067 316 3112 non
341 3053 525 3126 usurpatur.

145 3151 317 3215 cohaerent
339 3154 523 3228 praeterea:

146 3255 172 3314 2.
192 3245 316 3334 γᾶνῦταε
348 3256 382 3313 Ν
402 3255 466 3328 493
501 3256 529 3311 Τ
548 3255 623 3330 405,
654 3241 797 3331 yd'tvvvron
828 3275 849 3328 μ
873 3253 925 3327 43,
958 3266 1033 3311 cum
1060 3251 1168 3311 futuro
1192 3249 1367 3329 γᾶνύσσεται

122 3350 127 3372 ’
151 3359 206 3417 504
233 3357 262 3427 ¹).
287 3357 436 3431 Particip.
461 3355 609 3434 ydvdovw
634 3354 664 3414 h.
691 3353 758 3415 Cer.
787 3355 837 3428 10,
861 3374 957 3423 -οντες
981 3354 1013 3411 Ν
1036 3354 1110 3427 265,
1133 3368 1235 3411 -ουσοιι
1259 3353 1366 3412 Τ359

150 3459 213 3520 128.
502 3492 505 3497 ·

150 3561 174 3620 3.
194 3558 295 3639 γηθὲω
326 3557 451 3638 γηθήσαι
483 3554 619 3637 ἒγήθησα
649 3553 779 3635 -γέγηθοι
805 3556 834 3627 (5
861 3556 922 3616 157
947 3572 976 3630 p.
999 3555 1085 3631 393),
1110 3569 1185 3614 cum
1208 3553 1367 3614 adiectivo

122 3661 264 3734 ηθόσῦνος
288 3664 323 3722 et
345 3661 550 3721 substantivo
572 3655 731 3739 γηθοσῢνη
756 3659 790 3716 Ν
810 3659 852 3717 29
865 3659 902 3727 (1)
929 3658 958 3715 Φ
981 3657 1046 3716 300
1069 3660 1084 3714 1
1110 3657 1175 3716 540
1187 3658 1233 3726 (1).

152 3870 255 3954 titt.
284 3878 379 3951 (δα-υ)
412 3876 486 3937 δαίω
512 3876 682 3936 incendere.
707 3908 747 3917 -
773 3873 853 3933 Med.
879 3873 989 3932 ardere
1019 3887 1094 3931 cum
1117 3871 1257 3946 perfecto
1281 3867 1368 3948 δέδηε

122 3972 247 4052 tieem.
273 3979 467 4054 conopeum
491 3979 575 4051 quod
598 3976 754 4036 traditum
784 3977 835 4034 est
868 3976 895 4031 Υ
915 3975 979 4034 316
1001 4003 1032 4023 =
1052 3975 1080 4037 Φ
1104 3974 1168 4032 375
1191 3968 1263 4049 πυρί
1286 3979 1368 4031 πᾶσα

122 4074 204 4153 ῑᾶιμαι
223 4077 228 4160 Ι
248 4079 403 4159 δαιομένη,
424 4080 494 4154 lege
517 4072 588 4138 πᾶσ’
615 4074 760 4154 ἀπόληται
783 4091 857 4135 cum
881 4074 1035 4135 Naucki0.

153 4180 193 4244 Ab
219 4186 280 4246 hac
309 4185 420 4259 stirpe,
452 4197 534 4255 quae
565 4180 700 4240 minime
728 4177 950 4238 confundenda
972 4178 1023 4236 est
1048 4190 1123 4235 cum
1146 4175 1164 4244 θ
1189 4176 1263 4251 205,
1288 4175 1366 4235 deri·

175 4336 293 4345 -—-——-

144 4418 161 4487 ¹)
175 4432 212 4479 Ab
235 4431 324 4481 sedem
350 4431 431 4490 stirpe
456 4422 548 4493 (γα-νυ)
573 4426 680 4473 ductum
704 4428 744 4472 est
767 4437 859 4470 nomon
887 4421 1030 4481 Γανυμήδης.
1055 4445 1084 4453 -
1112 4419 1260 4466 Praesentis
1283 4419 1367 4479 prima

122 4511 211 4558 0¹⁸0nn
235 4515 331 4570 μδνῦμοι
358 4511 429 4557 extat
450 4506 542 4554 Aesoh.
565 4507 639 4553 lium.
664 4505 712 4551 970
736 4504 796 4549 Eur.
820 4502 888 4561 Gyei.
913 4501 960 4549 504
984 4501 1026 4546 Δι.
1050 4500 1125 4559 Vesp.
1149 4500 1205 4551 612,
1223 4499 1367 4559 perfectum

122 4591 253 4648 ηοτυμίνος
267 4592 293 4638 in
313 4589 495 4638 Anacreonteis
512 4580 565 4632 35³.
