3120 5124
766 395 807 451 -l‘l

150 579 310 652 syllabam
343 596 416 640 esse
447 582 480 639 in
504 582 613 655 lingua
636 581 809 641 Homerica
833 582 864 651 ¹).
888 580 954 639 Nos
976 595 1039 639 non
1064 593 1293 654 repugnamus,
1316 577 1417 636 immo

146 681 236 754 proni
272 697 388 741 sumus
422 683 454 742 in
486 698 559 743 eam
583 684 782 756 opinionem;
816 683 961 742 attamen
989 681 1163 753 quominus
1187 678 1278 755 Tpolq
1302 677 1415 737 scriba·

146 797 220 840 mus
245 784 434 867 oumtsigno
460 785 652 860 haereseos,
677 786 741 844 tria
765 785 975 845 dehortantur
996 783 1205 856 argumenta:

189 887 220 952 α)
255 883 284 943 si
315 883 477 944 dirimitur
501 901 611 961 sonus,
638 887 735 963 Τρὼΐη
759 887 867 960 potius
894 886 1021 945 videtur
1043 884 1259 958 scribendum,
1283 896 1323 941 ne
1348 881 1417 941 sine

145 1000 243 1046 eausa
276 1001 395 1047 nomen
430 988 570 1060 regionis
602 988 775 1047 divellatur
805 987 844 1047 ab
877 987 1035 1048 adieetivo
1061 984 1173 1063 Τρώιος
1199 984 1355 1044 Troianus
1376 975 1416 1057 ²);

145 1088 184 1147 ad
207 1102 321 1147 rocem
345 1087 429 1171 δμῳη
452 1092 563 1149 autem
589 1090 658 1149 sive
682 1088 788 1166 ὁμοίη,
810 1105 892 1162 quae
912 1089 1025 1149 eadem
1049 1089 1173 1148 ratione
1193 1086 1335 1146 formata
1356 1086 1416 1159 est,

145 1188 192 1247 sic
216 1188 347 1249 demum
371 1191 517 1264 proxime
540 1192 680 1251 accedet.
707 1191 751 1251 of.
776 1193 793 1260 ἓ
820 1192 870 1251 17.

189 1289 218 1359 b)
241 1291 380 1363 quinque
405 1294 490 1350 certe
514 1291 593 1351 locis
616 1292 798 1351 Homericis
821 1295 843 1361 3)
869 1292 1071 1351 contractum
1095 1291 1187 1350 extat
1214 1286 1316 1365 Τροίη,
1336 1287 1416 1346 item

147 1392 245 1472 Τρῷαι
271 1393 382 1466 Ζ380,
407 1393 481 1467 385,
509 1390 624 1475 Τρῴησι
650 1395 756 1453 Ρ273
783 1394 814 1450 Χ
834 1393 899 1452 430
923 1395 971 1467 (ἲ),
1006 1390 1142 1475 Τρῳάδες
1163 1393 1187 1448 Ζ
1208 1390 1272 1449 442
1297 1389 1332 1445 H
1354 1388 1415 1447 297

146 1493 177 1548 Χ
201 1492 263 1551 105
287 1492 318 1549 Ω
344 1495 416 1554 iot.

189 1597 214 1662 ο)
238 1594 270 1653 in
301 1595 374 1655 aliis
406 1596 580 1670 vocabulis
612 1610 751 1668 quorum
782 1596 900 1656 similis
931 1598 982 1656 est
1013 1595 1111 1669 origo,
1135 1595 1243 1653 certae
1273 1592 1352 1650 sunt
1373 1590 1415 1650 di·

144 1694 299 1768 phthongi
322 1717 345 1776 ῳ
370 1717 398 1754 οι
420 1717 451 1754 αι
475 1717 509 1756 ει.
534 1697 568 1757 Ε.
593 1712 621 1769 g.
646 1695 728 1780 ζῳός,
750 1697 848 1776 -βοιος
872 1692 1009 1776 (Ἐύβοια
1039 1693 1214 1773 ἀλφεσίβοια
1237 1689 1415 1771 ἑκατόμβοια

144 1791 321 1875 ἕννεάβοια),
353 1801 442 1873 τοῖος,
474 1796 598 1871 τοιόσδε,
629 1794 730 1874 ὁμοῖος
753 1800 833 1873 etc.;
864 1797 992 1878 γεραιός,
1011 1797 1145 1874 pelopea,
1174 1795 1260 1871 ναίω,
1285 1791 1413 1872 lipparim

146 1893 291 1973 ἀκείομοιι,
313 1897 420 1973 rotela,
442 1895 557 1974 τέλειος,
580 1892 669 1976 εἶχον,
691 1898 822 1975 εἱλόμην,
844 1899 985 1977 χρύσειος.

189 1998 297 2059 Manet
320 2001 417 2073 igitur
440 2001 573 2060 dubium
593 2001 701 2061 sintne
724 2002 756 2060 in
778 2001 1011 2074 diphthongum
1031 2000 1210 2073 iungendae
1232 2013 1275 2058 an
1298 1997 1414 2058 diaere-

145 2114 219 2159 seos
254 2101 345 2174 signo
381 2103 624 2174 distinguendae
656 2103 785 2162 vocales
816 2103 985 2176 contiguae
1015 2101 1160 2162 vocabuli
1185 2098 1276 2177 Τροίη
1301 2098 1414 2158 multo-

145 2215 281 2273 rumque
316 2202 464 2278 aliorum‚
501 2219 528 2263 e.
552 2219 582 2277 g.
614 2202 728 2274 αἰδοῖος
752 2197 785 2279 ⁵),
814 2208 913 2274 κοῖλος
944 2208 978 2279 ὅ),
1004 2206 1131 2278 Προῖτος
1154 2205 1188 2277 ⁸),
1212 2199 1359 2276 Ἀθηναίη
1382 2198 1415 2274 ⁷),

145 2297 237 2378 ἑξείης
260 2297 293 2377 ³),
324 2304 468 2379 Καδμεῖοι
491 2307 526 2365 et
549 2304 738 2381 Καδμείωνες
754 2302 787 2381 ⁹),
811 2308 894 2376 θεῖος
916 2304 961 2380 ¹⁰),
982 2303 1067 2364 κλείω
1088 2306 1120 2363 et
1143 2300 1253 2373 κλειτός
1274 2303 1416 2376 (Κλεῖτος,

180 2567 199 2634 Ι)
217 2573 257 2618 Ita
281 2574 400 2632 opinatur
426 2575 455 2619 Δ.
473 2574 543 2619 Platt
560 2575 667 2622 Journal
686 2575 716 2620 ol
731 2574 866 2633 Philology
885 2576 958 2625 1890,
974 2575 1083 2634 primam
1101 2576 1187 2620 autem
1205 2571 1349 2619 hexametri
1366 2571 1417 2630 syl-

144 2649 229 2697 labam
248 2650 348 2698 facilins
363 2666 439 2711 quam
459 2656 558 2699 ceteras
574 2655 774 2700 contractionem
789 2653 924 2700 admisisse
938 2653 1071 2707 observat;
1091 2652 1124 2699 os.
1139 2665 1196 2713 pag.
1213 2654 1252 2698 11.
1269 2650 1325 2697 Vid.
1340 2650 1419 2697 etiam

145 2730 337 2778 thner-Blass
355 2732 367 2776 I
386 2745 410 2791 p.
430 2734 486 2778 246.

177 2807 197 2864 2)
216 2809 292 2857 Urbis
317 2811 480 2871 regionisque
507 2825 599 2858 nomen
626 2818 696 2876 Τροίη
719 2814 781 2858 nihil
802 2826 858 2859 esse
876 2813 925 2859 nisi
945 2813 1097 2859 femininum
1114 2811 1234 2858 adieetiai
1254 2813 1341 2873 Τρώιος
1360 2808 1418 2856 rte

143 2885 220 2943 ἰαοοο,
246 2891 377 2952 proprium
405 2895 491 2938 antem
517 2892 589 2938 urbis
616 2906 709 2938 nomen
737 2906 793 2939 esse
818 2892 901 2946 Ἠέλιος,
920 2895 947 2939 et
963 2906 1010 2952 per
1027 2906 1054 2938 ss
1071 2891 1231 2949 intellegitur
1250 2892 1277 2935 et
1296 2893 1418 2936 aeenrate

143 2969 287 3026 expositum
314 2974 354 3016 est
372 2971 397 3017 in
415 2971 498 3029 Etym.
516 2972 548 3017 ill.
574 2986 599 3030 p.
618 2972 674 3031 riu,
694 2974 724 3017 15
743 2986 799 3031 sqq.
817 2973 922 3019 -Non
945 2975 1015 3018 recte
1033 2972 1111 3030 igitur
1128 2969 1291 3017 Aristarchus
1310 2969 1420 3028 putabat

143 3045 323 3106 distinguenda
341 3063 398 3097 esse
420 3055 505 3112 Τροίην
526 3049 620 3096 Troiam
642 3054 668 3097 at
689 3053 773 3113 Τροΐηο
793 3050 919 3098 Troianam
937 3053 962 3097 A
983 3052 1136 3098 1291510.

176 3121 196 3185 3)
215 3126 270 3172 Vid.
289 3131 339 3174 not.
359 3131 372 3175 6
391 3131 500 3189 paginae
517 3130 704 3189 praecedentis.

175 3201 196 3268 4)
215 3207 283 3253 Solvi
309 3212 395 3267 potest
413 3211 499 3261 αἰδοῖος
516 3210 579 3255 locis
596 3210 735 3268 plerisque,
759 3210 848 3256 sedin
867 3211 918 3256 arsi
937 3210 1112 3269 diphthongus
1130 3227 1151 3254 οι
1169 3213 1209 3255 ast
1227 3213 1238 3254 1
1257 3209 1306 3255 360
1325 3225 1340 3269 ρ
1359 3207 1417 3255 5⁹18.

144 3284 181 3331 Do
199 3286 248 3332 hoe
264 3287 390 3334 adieetivo
407 3288 516 3348 aliisque
535 3290 651 3347 cognatis
669 3290 723 3348 agit
739 3290 846 3335 Msnrad
863 3290 879 3336 l.
898 3289 916 3336 l.
933 3304 958 3350 p.
979 3291 1018 3336 76.

175 3361 195 3421 ὅ)
212 3362 283 3411 Licet
300 3368 412 3414 seribere
430 3369 505 3421 κοῖλος
520 3369 639 3415 omnibns
659 3365 814 3433 (sexaginta)
832 3369 896 3415 loeis
914 3372 1022 3428 excepto
1031 3386 1049 3428 χ
1059 3370 1116 3415 985.
1129 3367 1218 3425 Neque
1226 3367 1263 3412 sla
1273 3379 1289 3411 a
1301 3368 1419 3411 veterum

141 3446 490 3504 grammaticorumopinione
499 3446 664 3503 discedimus
678 3449 786 3494 sormam
796 3448 863 3494 enim
871 3447 1030 3506 trisyllabum
1037 3446 1198 3494 Herodianus
1206 3445 1290 3504 poscit
1299 3443 1420 3502 analogia

141 3522 206 3569 duee
225 3526 276 3586 napi
293 3542 343 3581 μον.
361 3525 403 3576 lii.
422 3539 447 3585 p.
466 3527 497 3571 20
517 3526 600 3586 Diod,
622 3526 714 3586 probat
732 3527 883 3587 Apollonius
901 3526 933 3573 de
951 3528 1070 3573 Pronom.
1088 3540 1112 3584 p.
1132 3523 1199 3572 1116
1221 3524 1253 3570 ds
1271 3524 1342 3582 Synt.
1361 3536 1387 3583 p.
1405 3523 1419 3568 '1

141 3602 233 3657 senaa
261 3608 344 3655 κοίιλος
369 3606 497 3664 reperitur
523 3606 610 3652 Alcaei
638 3608 668 3652 ir.
689 3608 743 3661 15‚5
768 3607 912 3652 Mimnermi
936 3607 966 3652 lr.
987 3608 1051 3665 12‚6.
1074 3607 1100 3652 si
1118 3608 1217 3651 eertum
1236 3605 1312 3662 esset,
1330 3605 1362 3649 nt
1379 3604 1422 3650 ast

142 3696 203 3728 sane
220 3685 272 3730 veri
290 3684 382 3741 simile,
403 3674 592 3737 adfata-fuisse
612 3685 768 3745 primitivam
786 3686 906 3732 adieetiri
923 3686 1039 3738 formam,
1058 3684 1082 3730 id
1098 3684 1166 3744 quod
1183 3683 1276 3729 collato
1291 3681 1422 3729 adieetivo

142 3764 233 3809 Latino
258 3778 329 3810 casus
352 3763 427 3810 multi
446 3767 599 3826 statuerunt,
619 3765 677 3811 inde
696 3770 847 3824 sequeretur
866 3779 915 3810 uon
934 3778 1010 3824 posse
1034 3764 1148 3811 contrahi
1166 3764 1191 3810 in
1208 3761 1314 3809 Homeri
1332 3762 1422 3822 lingna

142 3840 243 3889 vocales
262 3862 273 3889 ο
292 3847 318 3889 et
334 3864 349 3888 ι.

174 3921 194 3980 ⁶)
213 3923 305 3969 Obstat
321 3936 389 3969 nnus
406 3936 495 3969 versus
514 3929 536 3969 Ζ
556 3926 611 3970 164.

174 3996 195 4052 ⁷l
215 4002 356 4056 Quominus
375 4005 488 4061 Ἀθηοοῒη
507 4003 635 4049 scribatur
653 4017 779 4062 nusquam
797 4004 900 4049 obstare
921 4007 1007 4063 potest
1025 4006 1144 4049 metrum.

174 4077 196 4142 Β)
214 4080 282 4127 Solvi
301 4084 386 4139 potest
403 4084 536 4140 perpetum
570 4086 700 4128 eontracta
719 4084 801 4128 forma
819 4081 875 4141 ἑξῆς,
893 4095 960 4141 qnae
980 4082 1023 4128 hie
1041 4082 1094 4128 illio
1112 4080 1240 4141 reperitur
1256 4081 1282 4127 in
1300 4081 1421 4128 Homeri·

142 4159 187 4213 cis,
206 4162 327 4218 suspecta
346 4162 392 4205 esi.

175 4234 196 4295 9)
214 4238 289 4284 Solus
305 4252 395 4285 versus
414 4243 435 4284 A
455 4241 502 4286 991
523 4245 657 4300 repugnat.

176 4312 204 4372 10)
222 4318 333 4364 Mettum
348 4319 409 4364 sinit
426 4319 505 4364 sorlbi
522 4320 585 4372 οἰκος
598 4320 660 4365 loeis
674 4320 813 4379 plerisque,
830 4324 856 4366 et
871 4320 982 4366 suadent
995 4320 1104 4365 formam
1122 4319 1281 4377 trisyllabum
1298 4331 1423 4368 versuum

141 4397 240 4441 numeri
269 4401 289 4442 B
307 4398 355 4443 335
378 4402 399 4441 lv
416 4400 464 4443 694
486 4403 508 4443 Τ
524 4399 571 4444 aab
591 4395 651 4461 (vid.
670 4402 755 4444 tamen
774 4399 896 4445 Ludwioh
914 4400 991 4445 Arist.
1010 4399 1037 4443 ΙΙ
1059 4412 1084 4457 p.
1104 4394 1176 4461 931);
1195 4401 1343 4456 repugnant
1359 4412 1424 4447 varo

144 4478 163 4519 ll
182 4476 212 4520 22
230 4471 265 4538 (v.
283 4473 298 4520 l.
318 4472 393 4539 οὖλος)
411 4481 437 4523 et
455 4477 565 4523 formula
583 4484 649 4531 θεῖος
666 4480 751 4531 ἂοιὸό;,
769 4493 816 4537 pro
841 4493 891 4537 qua
911 4480 996 4531 θέσπις
1014 4479 1092 4530 ἀοιδός
1109 4476 1166 4523 coll.
1184 4496 1197 4540 ρ
1216 4478 1263 4523 366
1285 4480 1425 4538 proposuit

143 4555 244 4614 Nauok;
264 4559 334 4601 extat
352 4560 438 4602 auteur
457 4557 520 4603 loeis
538 4557 715 4616 compluribus
734 4559 750 4604 l.
770 4574 791 4605 a.
809 4560 857 4612 οῑος
875 4559 985 4605 fortasse
1003 4556 1178 4617 praeferenda,
1196 4556 1246 4603 vid.
1264 4558 1344 4605 <1686
1361 4559 1423 4608 61⁷
