3120 5124
777 393 874 437 XXXII

188 570 265 629 solis
285 569 442 641 lunaeque
464 569 497 627 in
519 566 606 627 coelo
629 565 667 625 iit
686 566 878 640 coniunctio,
893 565 1065 626 manifeste
1078 568 1321 639 repraesentare
1346 567 1460 627 solem

187 671 298 730 eodem
324 673 435 729 autern
460 668 591 728 tendere
615 667 768 740 mythum
791 666 829 726 de
853 665 932 726 solis
956 667 1115 726 armentis
1139 668 1173 726 et
1192 667 1367 740 pecudibus
1388 669 1464 736 (vid.

188 795 208 847 μ
234 772 295 832 129
319 776 399 845 sqq.)
424 770 502 829 olim
526 768 689 829 intellexit
711 768 905 827 Aristoteles
929 771 962 827 et
985 783 1070 828 nunc
1093 783 1219 842 quoque
1243 771 1347 829 cuivis
1371 786 1464 844 appa·

188 876 253 946 ret;
279 875 416 933 fortasse
449 873 549 932 etiarn
583 869 735 946 Φαιήκων,
758 885 894 943 quorum
926 870 1064 944 hospitio
1094 872 1248 945 recipitur
1280 873 1386 947 heros,
1411 888 1464 932 no·

189 990 264 1035 men
288 976 362 1034 hinc
386 973 624 1047 explicandum,
648 973 677 1031 si
700 972 812 1031 furvos
836 975 1037 1031 mortuorum
1062 973 1234 1045 portitores
1256 972 1419 1047 significat
1433 978 1464 1043 ¹).

233 1077 319 1135 Duas
351 1078 463 1135 autem
493 1074 695 1134 narrationes
725 1073 889 1132 fabulosas
923 1075 961 1134 de
992 1073 1100 1132 Ulixis
1130 1074 1276 1134 Ithacam
1301 1076 1466 1135 redeuntis

189 1179 303 1238 itinere
324 1178 401 1236 oiim
422 1177 571 1236 extitisse
584 1171 605 1241 ²)
627 1191 667 1235 ex
689 1175 834 1248 Odyssea
854 1177 965 1234 nostra
979 1179 1127 1250 apparet,
1146 1191 1222 1237 nam
1235 1192 1317 1249 quae
1329 1178 1362 1236 in
1374 1177 1467 1237 libris

188 1283 274 1354 θκμ
293 1280 444 1352 leguntur
467 1278 507 1336 ab
531 1277 632 1336 altero
656 1277 695 1336 de
720 1277 827 1336 herois
851 1277 1012 1336 erroribus
1034 1277 1177 1337 carmine
1198 1278 1304 1338 aliena
1320 1293 1393 1338 esse
1406 1292 1466 1337 nec

189 1381 250 1439 nisi
274 1380 442 1454 postmodo
467 1395 541 1437 cum
562 1393 599 1437 eo
620 1394 693 1438 esse
715 1378 946 1450 conglutinata,
969 1378 1084 1437 multis
1105 1379 1231 1438 indiciis
1252 1379 1465 1452 cognoscitur,

189 1496 271 1553 quae
313 1482 441 1553 egregia
483 1479 661 1552 sagacitate
695 1479 862 1552 indagavit
897 1481 930 1538 et
965 1479 1068 1539 lucide
1105 1481 1255 1553 exposuit
1289 1480 1466 1539 Kircbhoff.

189 1582 291 1641 Alteri
315 1582 451 1641 carmini
475 1579 621 1653 Calypso,
646 1580 720 1639 huic
744 1578 833 1638 Circe
857 1580 984 1652 propria
1007 1581 1067 1639 est.

233 1684 376 1756 Denique
407 1685 560 1756 quartum
592 1696 723 1740 carmen
747 1681 873 1754 epicum
899 1681 930 1739 in
955 1680 1136 1753 odysseam
1161 1686 1326 1755 recept-um
1351 1684 1403 1741 est
1426 1682 1466 1741 de

188 1784 373 1844 Telemachi
403 1785 529 1858 patrem
560 1783 745 1854 quaerentis
778 1782 902 1856 itinere,
936 1781 1019 1853 quod
1044 1786 1192 1855 superest
1216 1784 1249 1843 in
1273 1783 1364 1843 libris
1389 1782 1418 1861 β,
1441 1806 1470 1861 y,

188 1886 277 1946 dvs.
306 1887 445 1958 1-612,
469 1906 485 1943 ο
511 1900 558 1943 vs.
585 1886 714 1944 1-216
737 1880 769 1952 ³).
804 1883 886 1942 Huic
919 1886 1031 1943 autem
1057 1885 1193 1944 carmini
1215 1885 1385 1944 inhaerent
1411 1884 1467 1948 alii

188 1985 286 2045 νόστοι
321 1990 398 2060 1111,
432 1987 578 2046 Nestoris
621 1998 648 2062 ly
683 1985 878 2059 leo-198),
915 1986 1171 2058 Agamemnonis
1203 1992 1230 2063 (γ
1268 1987 1466 2061 sec-312),

189 2088 323 2148 Menelai
359 2088 388 2157 ui
412 2087 608 2161 Uol-586),
642 2088 712 2146 sive
744 2102 764 2145 a
795 2087 949 2161 principio
982 2087 1136 2147 insuerint
1171 2089 1241 2147 sive
1264 2089 1377 2161 postea
1401 2089 1468 2148 sint

189 2190 311 2264 inserti,
343 2190 375 2250 id
406 2190 489 2261 quod
513 2190 552 2249 de
577 2189 834 2262 Agamemnonis
858 2191 945 2248 certe
969 2190 1074 2249 reditu
1097 2192 1243 2249 statuere
1266 2204 1362 2262 posse
1384 2190 1467 2249 mihi

191 2291 309 2351 videor.

233 2395 285 2453 Sic
317 2409 334 2453 e
369 2397 507 2466 quatuor
542 2393 684 2451 tontibus
721 2393 821 2451 veluti
852 2393 884 2450 in
917 2390 1107 2469 μισγάγκειαν
1132 2391 1357 2451 confluxerunt
1379 2406 1463 2463 quae

188 2510 273 2554 nunc
296 2495 476 2566 Odysseanr
500 2495 646 2553 nostram
670 2492 822 2553 efficiunt.
847 2494 884 2552 In
909 2508 1011 2552 unum
1034 2494 1145 2551 autem
1170 2507 1250 2566 opus
1274 2507 1313 2551 ea
1333 2492 1464 2567 collegit

188 2611 260 2656 sero
283 2599 381 2656 natus
403 2596 534 2668 quidam
558 2596 652 2669 poeta
675 2595 836 2654 inferioris
860 2594 990 2667 ordinis,
1023 2595 1075 2666 qui
1103 2595 1153 2653 bic
1177 2594 1242 2654 illic
1265 2595 1303 2655 de
1327 2609 1387 2653 suo
1410 2595 1462 2654 ad·

189 2698 268 2758 didit
301 2713 383 2770 quae
426 2712 505 2770 opus
549 2696 744 2769 viderentur,
783 2701 819 2754 ut
853 2696 1062 2768 coniungeret
1096 2711 1178 2768 quae
1212 2696 1363 2768 primitus
1398 2711 1462 2755 non

189 2799 419 2858 cohaesissent.
463 2798 546 2857 Hinc
582 2797 738 2870 originem
775 2796 872 2855 habet
906 2813 933 2856 e.
966 2812 995 2869 g.
1031 2797 1149 2857 iterata
1183 2799 1317 2857 deorum
1351 2799 1462 2856 concio

189 2904 218 2968 (e
245 2901 349 2958 1.-81
374 2903 439 2959 etr
463 2900 575 2972 initio),
600 2898 673 2957 hinc
697 2899 745 2956 bis
769 2912 786 2956 e
808 2898 913 2957 Uirces
937 2898 1043 2958 insula
1067 2899 1227 2970 proiectus
1252 2914 1323 2958 esse
1343 2898 1463 2958 dicitur

188 3000 301 3060 Ulixes
325 3005 350 3068 [t
377 3004 392 3060 1
418 3015 487 3073 sqq.
513 3003 546 3059 et
569 3022 589 3074 μ
616 3001 793 3071 1111111.

224 3267 314 3331 Ι111111.
333 3269 393 3315 ada
414 3271 453 3316 35.

219 3344 239 3410 ²)
257 3350 290 3395 Et
307 3348 394 3407 plures
412 3349 535 3404 extitisse,
553 3363 618 3408 quae
637 3351 715 3395 nullia
732 3351 847 3409 vestigiis
865 3351 961 3397 relictis
979 3352 1130 3407 interierint,
1150 3350 1271 3397 credibile
1292 3352 1339 3395 est.

223 3424 287 3488 3)11
309 3429 354 3486 qni
381 3429 569 3475 Telemachianr
594 3428 656 3475 iecit
679 3430 840 3487 integrumne
863 3443 965 3476 carmen
988 3429 1098 3477 condere
1121 3429 1281 3476 1111111111
1298 3440 1364 3487 opus
1382 3439 1458 3473 suum

188 3506 219 3552 ad
247 3520 349 3554 carmen
372 3507 404 3553 de
426 3507 509 3554 Ulixis
531 3507 616 3554 reditu
639 3508 828 3555 extendendum
853 3510 1027 3567 composuerit
1044 3513 1131 3556 manet
1148 3509 1263 3556 dubium.
1281 3506 1350 3554 Illud
1368 3510 1458 3554 censet

187 3587 325 3633 Kirohhoii.

221 3667 292 3722 Quae
317 3666 343 3711 111
368 3664 434 3711 libro
459 3684 474 3711 α
497 3665 557 3712 inde
580 3680 595 3711 a
619 3680 693 3713 versu
715 3668 746 3712 88
765 3666 885 3723 leguntur
903 3680 917 3711 a
935 3666 1096 3712 diasceuasta
1114 3669 1158 3726 qui
1176 3667 1367 3714 Telemachiam
1385 3667 1458 3726 operi

187 3747 277 3792 maiori
303 3746 410 3792 inseruit
433 3746 575 3804 excogitata
597 3760 653 3793 esse
678 3747 770 3806 omnia,
787 3746 938 3792 Kirchhoifli
957 3749 997 3791 est
1018 3746 1111 3804 opinio.
1130 3747 1201 3802 Quae
1218 3750 1305 3793 tamen
1322 3745 1354 3790 de
1371 3745 1458 3792 1111111

188 3828 215 3872 11
230 3825 262 3872 de
280 3822 406 3884 Penelope
423 3828 558 3871 narrantur
576 3838 666 3871 venam
685 3825 797 3885 produnt
816 3825 944 3884 poeticam
963 3825 1066 3882 qualem
1083 3824 1260 3872 diasceuastae
1282 3826 1352 3871 illius
1376 3824 1458 3871 fuisse

186 3905 228 3951 vix
253 3904 390 3959 credibile,
417 3905 470 3950 veri
496 3908 581 3951 autem
608 3904 692 3950 simile
715 3904 782 3950 duco
805 3904 890 3963 ipsum
915 3903 1094 3950 Telemachiae
1112 3907 1243 3951 auctorem
1261 3904 1364 3951 finxisse
1383 3903 1457 3949 Tele-

187 3985 306 4030 machum
324 3998 339 4030 a
356 3985 470 4031 Minerva
486 3984 595 4042 hospitis
611 3984 698 4042 specie
716 3985 832 4028 assumta
850 3983 989 4028 excitatum
1007 3983 1039 4029 ad
1057 3987 1157 4042 patrem
1174 3985 1359 4044 quaerendum,
1377 3984 1457 4042 aptis·

186 4064 268 4110 simus
286 4065 353 4110 enim
371 4064 412 4109 hic
430 4067 485 4111 erat
502 4063 622 4110 carminis
640 4064 773 4119 introitus3
791 4075 875 4121 neque
893 4075 982 4108 versus
998 4070 1015 4124 (1
1030 4064 1144 4122 1611111.
1163 4077 1177 4108 1
1194 4064 1357 4109 (11111111111
1374 4063 1455 4108 inser·

188 4146 228 4189 tos
253 4157 309 4190 esse
335 4142 494 4190 crediderim.
521 4143 638 4191 Genuina
660 4143 738 4201 igitur
762 4142 898 4188 maximam
921 4144 1030 4201 partem,
1054 4142 1100 4188 sed
1123 4142 1211 4188 multis
1235 4142 1383 4189 recentioris
1400 4142 1457 4187 aevi

186 4223 320 4269 versiculis
336 4224 490 4283 intermixta,
509 4223 571 4270 mihi
589 4222 708 4268 videntur
726 4235 792 4280 quae
809 4239 824 4267 a
843 4223 874 4268 88
892 4234 948 4280 sqq.
967 4224 1062 4268 extant.
1080 4222 1111 4267 In
1129 4221 1299 4283 suspicionem
1319 4220 1455 4267 mirificam

186 4316 247 4349 saue
273 4315 356 4361 neque
382 4316 422 4349 me
449 4303 533 4349 iudice
560 4301 790 4349 commendabilem
816 4302 865 4347 hac
892 4300 923 4347 de
949 4315 977 4348 re
1002 4300 1092 4347 incidit
1113 4301 1205 4348 Seeck:
1231 4314 1245 4346 1
1265 4299 1393 4359 rhapsodo
1410 4302 1455 4358 qui

187 4382 309 4428 memoria
334 4395 425 4441 parum
452 4382 550 4428 valeret
576 4381 641 4426 hanc
668 4382 753 4441 operis
780 4385 878 4440 partem
905 4382 1001 4441 scripto
1024 4395 1080 4428 esse
1101 4379 1257 4438 mandatam,
1275 4381 1401 4426 honores
1420 4381 1457 4426 111

187 4474 317 4508 enarrasse
344 4466 373 4507 ut
398 4476 413 4507 a
438 4464 514 4520 poeta
537 4463 623 4507 essent
646 4461 814 4520 excogitatae,
840 4461 885 4507 sed
908 4461 986 4507 rerba
1009 4475 1068 4509 cum
1093 4475 1143 4507 non
1161 4461 1222 4506 satis
1241 4462 1340 4507 teneret
1358 4459 1389 4505 de
1408 4472 1456 4505 suo

187 4541 281 4599 passim
300 4543 421 4586 mutasse.
