3120 5124
750 1346 796 1418 V.

550 1573 625 1646 DE
647 1571 996 1648 PARTICULIS.

679 1776 873 1785 ———.-.

651 1915 841 1999 CAPUT
865 1917 899 1999 Ι.

577 2093 627 2148 De
647 2093 978 2163 praepositionibus.

185 2256 208 2342 fi
231 2259 302 2325 312.
337 2261 594 2337 Praepositiones
618 2263 772 2336 primitus
794 2263 942 2323 udombin
960 2263 1016 2322 loci
1038 2261 1140 2321 fuisse
1163 2276 1207 2322 ex
1231 2263 1331 2336 epicis
1350 2277 1407 2323 car·

142 2365 284 2424 minibus
312 2363 409 2424 citius
440 2363 620 2437 meliusque
653 2380 750 2438 quam
775 2365 903 2425 aliunde
927 2365 1006 2425 disci
1029 2366 1153 2439 potest;
1178 2366 1304 2439 passim
1328 2367 1409 2426 enim

142 2466 212 2526 sine
236 2481 314 2526 casu
336 2464 498 2524 adhibitae
522 2466 733 2542 reperiuntur,
759 2481 787 2526 e.
811 2481 839 2540 g.

424 2563 468 2625 ’ἓν
493 2561 525 2625 δὲ
547 2565 644 2645 κρήνη
667 2566 741 2644 νάει,
765 2564 865 2645 ἀμφὶ
890 2562 922 2626 δὲ
944 2565 1060 2644 λειμών.
1299 2569 1408 2640 1292.

187 2764 302 2850 5313.
336 2769 420 2830 Hinc
451 2769 596 2842 sequitur
627 2769 687 2829 has
716 2770 902 2846 particulae,
932 2785 1015 2843 quae
1045 2770 1190 2844 ingenita
1213 2771 1275 2831 sibi
1298 2773 1413 2832 natura

143 2875 176 2933 in
210 2872 348 2933 dictione
382 2871 555 2931 Homerica
584 2870 679 2945 plena
708 2872 804 2944 atque
836 2871 962 2944 integra
992 2872 1207 2948 perfruantur,
1232 2873 1289 2933 vix
1313 2874 1412 2933 fuisse

143 2976 236 3049 aptas
260 2989 342 3047 quae
365 2975 501 3033 accentu
524 2972 680 3046 spoliatae
707 2987 781 3032 cum
808 2975 978 3033 verborum
1009 2973 1164 3048 stirpibus
1190 2975 1261 3034 tam
1285 2976 1414 3050 penitus

144 3075 386 3136 concrescerent
407 3089 504 3147 quam
529 3074 641 3148 postea
663 3072 787 3134 iactum
810 3075 862 3134 est
887 3074 918 3143 ¹).
951 3074 1117 3148 Leguntur
1136 3089 1215 3135 sane
1242 3075 1277 3135 ln
1303 3077 1414 3137 carmi·

144 3178 239 3237 nibus
273 3176 372 3249 epicis
406 3174 585 3250 composita
616 3174 714 3235 verba
743 3174 915 3251 permulta,
947 3189 1006 3235 nec
1029 3189 1093 3234 non
1116 3176 1250 3235 nomina
1271 3177 1416 3237 verbalia

144 3278 230 3338 baud
261 3291 364 3350 pauca
393 3277 439 3336 ita
468 3276 646 3351 composita
677 3278 772 3350 sunt;
803 3277 860 3337 sed
883 3276 973 3336 tenui
997 3276 1126 3336 vinculo
1149 3276 1298 3350 quodque
1322 3278 1416 3338 facile

144 3379 247 3455 possit
270 3378 353 3439 solvi
376 3377 646 3452 praepositionem
669 3392 745 3437 cum
769 3378 865 3437 verbo
890 3377 940 3437 cui
964 3378 1144 3450 praemissa
1167 3379 1219 3438 est
1242 3379 1414 3441 cohaerere

145 3481 269 3556 passim
300 3479 442 3554 apparet,
474 3478 550 3551 quin
580 3492 676 3552 saepe
707 3478 829 3552 optimo
860 3478 929 3537 iure
962 3477 1158 3539 dubitaverit
1188 3479 1352 3553 quispiam
1377 3495 1416 3540 an

145 3581 339 3657 praepositio
373 3579 549 3652 separatim
581 3579 745 3639 exaranda
776 3580 820 3638 eit
851 3561 974 3651 suoque
1006 3580 1141 3638 accentu
1175 3579 1334 3641 donanda.
1367 3581 1417 3641 Sic

146 3682 206 3742 sub
242 3682 349 3755 ipsum
384 3679 496 3738 Iliadis
530 3678 660 3738 initium
694 3694 741 3739 vs.
776 3681 817 3740 37
850 3678 975 3756 Χρύσην
998 3676 1206 3757 ἀμφιβέβηκας
1229 3682 1355 3742 scribas
1378 3697 1417 3742 an

147 3779 224 3858 ἀμφὶ
246 3778 376 3860 βέβηκας
399 3779 479 3840 nihil
502 3778 649 3854 interest,
673 3803 688 3837 τ
708 3782 771 3841 326
796 3777 913 3841 ἀλλάων
935 3780 1061 3858 περίειμι
1082 3782 1136 3855 qui
1158 3778 1226 3858 περὶ
1253 3778 1319 3859 (vel
1339 3780 1416 3858 πέρι)

146 3882 205 3958 εἰμι
238 3884 334 3943 scribi
367 3882 477 3942 iubeat
511 3879 615 3941 refelli
648 3895 712 3940 non
746 3881 860 3956 possit,
893 3882 925 3939 Ν
959 3882 1024 3941 450
1054 3878 1157 3963 Κρήτῃ
1188 3878 1332 3961 ἐπίουρον
1363 3883 1418 3944 alii

147 3984 352 4058 grammatici
387 3981 569 4042 scribebant
599 3980 688 4055 olim,
720 3980 775 4041 alii
805 3978 852 4040 ἔπι
884 3971 986 4059 οὖρον,
1015 4004 1036 4057 μ
1069 3984 1129 4043 131
1154 3979 1226 4042 θεαὶ
1248 3976 1276 4042 δ’
1304 3980 1417 4044 immi

181 4204 199 4271 ¹)
217 4209 266 4264 Qui
290 4212 381 4268 postea
406 4209 510 4256 minime
536 4221 610 4255 rarus
636 4208 686 4255 fnit
712 4221 787 4270 mos„
800 4210 831 4254 ut
855 4208 880 4255 in
903 4207 1083 4255 nonnullorum
1102 4209 1240 4257 verborum
1257 4210 1460 4271 temporibus-⁶·

145 4287 290 4346 praeteritis
308 4290 474 4347 numentum
494 4288 703 4347 praemitteretur
723 4287 907 4348 praepositioni
922 4284 1085 4348 (δκαθιζόμην,
1103 4289 1263 4348 lancellam,
1283 4290 1460 4352 capimur...

146 4364 276 4430 δξιφρίομιν
293 4363 362 4429 eto.),
380 4367 412 4414 ab
430 4368 504 4427 epioa
522 4367 633 4414 dictione
649 4368 719 4414 hnno
736 4367 817 4413 luisse
834 4365 946 4413 alienum
969 4366 1045 4413 faoile
1069 4367 1241 4427 intellegitun
1259 4371 1460 4428 quapropter

146 4446 308 4493 Aristarchus
325 4447 380 4492 iure
398 4445 528 4492 damnavit
546 4445 669 4492 lectiones
685 4445 843 4493 Zenodoteas
860 4445 945 4504 quails
962 4448 1002 4492 est
1024 4445 1147 4500 turstino
1164 4447 1192 4493 A
1210 4447 1255 4505 683
1274 4447 1308 4494 ei.
1325 4448 1353 4494 A
1369 4448 1460 4493 811ae

150 4525 233 4570 0710
252 4530 277 4588 ly
296 4522 375 4588 loli)
394 4528 406 4579 ζ
425 4526 447 4571 1.
