3120 5124
755 386 817 446 128
1328 389 1357 459 [5
1383 388 1424 448 88

153 577 186 635 et
220 572 375 653 βούλομαι,
408 587 490 646 quae
522 573 755 647 diphthongum
787 593 824 633 ου
854 588 911 648 per
946 575 1052 633 totam
1079 574 1225 648 linguam
1250 576 1423 636 servarunt

152 677 319 736 intactam.

198 778 293 837 Haud
331 777 438 852 inepte
481 776 656 837 contuleris
698 779 865 850 praeterea
899 791 1012 836 vocem
1049 777 1221 838 biformem
1256 774 1359 855 ἕτᾶρος
1383 810 1422 819 -

153 876 266 957 ἑταῖρος
290 877 322 956 (i.
348 894 375 939 e.
400 875 538 956 ἕταμμος).

197 981 275 1041 Vitii
304 980 458 1040 indicium
488 982 539 1040 est
571 981 659 1040 vocis
691 976 760 1052 ὁδός
792 980 843 1040 oia
864 980 950 1055 prior
973 979 1138 1060 syllabap
1165 981 1227 1042 196
1250 981 1421 1056 producta:

152 1075 305 1159 ἀρισφαλέ’
335 1078 457 1158 ἔμμεναι
485 1079 588 1157 οὐδόν,
620 1082 674 1141 ubi
704 1081 725 1142 l.
750 1096 780 1142 a.
804 1077 965 1158 ἀρισφαλὲς
997 1079 1119 1159 ἔμμεναι
1150 1073 1245 1154 οὖδας
1268 1083 1421 1158 praestat,

152 1185 215 1244 nisi
238 1183 478 1243 rescribendum
501 1184 553 1242 est
575 1176 730 1260 ἀρισφαλέ’
758 1177 853 1259 lppsv’
882 1180 1023 1259 ἀταρπόν.

196 1550 282 1626 Quae
313 1550 352 1609 de
382 1545 587 1621 productione
619 1547 755 1607 metrica
785 1547 988 1621 syllabarum
1024 1549 1172 1609 brevium
1204 1549 1237 1609 in
1271 1549 1290 1618 S
1328 1548 1421 1608 19-88

151 1650 406 1724 observavimus
441 1663 553 1708 eorum
588 1664 719 1709 summa
754 1649 817 1709 huc
853 1649 945 1725 redit,
982 1653 1019 1710 ut
1052 1651 1168 1711 breves
1203 1649 1352 1724 syllabae
1383 1649 1421 1710 ab

150 1754 291 1813 Homero
325 1751 487 1823 nequeant
520 1749 553 1808 in
584 1750 649 1808 arsi
679 1765 736 1824 pro
767 1750 873 1823 longis
906 1751 1055 1825 usurpari
1086 1751 1149 1811 nisi
1181 1754 1238 1812 aut
1275 1751 1423 1827 aperiant

151 1853 344 1914 vocabulum
368 1853 425 1911 aut
448 1850 609 1910 claudant.

191 1956 232 2015 Et
262 1952 526 2027 frequentissima
556 1952 686 2024 quidem
715 1954 766 2012 est
790 1952 992 2026 syllabarum
1015 1951 1163 2013 finalium
1187 1953 1220 2012 in
1244 1967 1422 2014 consonam

149 2057 367 2117 desinentium
397 2052 562 2128 productio
593 2054 668 2112 ante
700 2068 869 2114 caesuram
898 2053 950 2113 vel
975 2054 1278 2128 interpunctionem.
1304 2052 1423 2115 Rarius

150 2157 272 2218 vocalis
295 2155 401 2216 brevis
425 2155 456 2213 in
480 2152 543 2213 fine
568 2155 656 2214 vocis
680 2155 864 2229 producitur
888 2157 963 2214 ante
987 2169 1166 2231 caesuram,
1191 2156 1297 2216 rarius
1321 2156 1423 2216 etiam

150 2262 225 2321 ante
259 2256 560 2331 interpunctionem.
598 2254 698 2315 Multo
733 2256 837 2315 rarius
871 2256 997 2329 syllaba
1032 2256 1140 2316 brevis
1174 2257 1207 2316 in
1242 2271 1421 2318 consonam

150 2361 300 2422 desinens
341 2358 526 2433 producitur
564 2356 595 2414 in
635 2355 741 2416 medio
775 2357 957 2417 hexametri
992 2358 1236 2431 sententiaeque
1271 2358 1421 2419 decursu.

148 2463 276 2524 Vocalis
307 2475 382 2520 vero
412 2457 519 2518 finalis
549 2458 582 2517 in
615 2457 723 2517 media
753 2459 916 2518 sententia
951 2473 1014 2519 non
1048 2460 1234 2533 producitur
1266 2460 1332 2519 nisi
1364 2460 1422 2520 aut

147 2566 286 2638 quinque
320 2562 467 2621 brevium
502 2559 652 2632 deinceps
687 2558 916 2620 collocatarum
951 2563 1002 2619 est
1036 2561 1134 2620 tertia
1164 2557 1221 2637 (ei)
1254 2561 1313 2619 aut
1344 2561 1421 2620 ante

147 2666 302 2738 liquidam
327 2662 379 2723 vel
402 2661 566 2734 digamma
590 2660 698 2720 locum
721 2660 826 2720 habet.

191 2767 354 2839 Frequens
384 2765 550 2838 praeterea
580 2765 631 2823 est
661 2763 825 2836 productio
856 2762 963 2822 brevis
987 2763 1132 2836 syllabae
1155 2762 1247 2823 initio
1271 2762 1421 2824 vocabuli

146 2868 330 2942 collocatae,
358 2880 455 2938 quam
488 2866 569 2925 duae
600 2865 716 2924 breves
753 2866 786 2924 et
810 2864 923 2924 deinde
954 2864 1050 2938 longa
1073 2867 1253 2938 sequuntur
1277 2860 1420 2942 (imi).

145 2969 324 3030 Rarissime
347 2982 423 3027 vero
447 2981 506 3027 nec
529 2967 592 3026 nisi
615 2967 798 3027 hexametri
821 2966 912 3027 initio
940 2965 1094 3041 producta
1114 2966 1272 3042 reperitur
1292 2966 1422 3040 syllaba

146 3072 253 3132 brevis
276 3084 374 3143 quam
398 3069 517 3142 excipit
539 3069 642 3143 longa.

191 3173 278 3249 Quae
315 3172 482 3246 praeterea
518 3170 552 3230 in
589 3170 678 3246 poesi
709 3170 799 3245 opica
832 3172 1003 3230 occurrunt
1034 3168 1182 3230 brevium
1216 3166 1421 3241 syllabarum

142 3275 376 3349 productiones,
418 3272 634 3345 etymologiae
673 3287 731 3346 ope
767 3271 947 3344 explicatae
984 3273 1061 3331 sunt
1096 3274 1154 3331 aut
1189 3269 1419 3343 explicandae3

141 3377 298 3450 ancipites
329 3389 405 3434 vero
436 3387 518 3445 quae
542 3374 691 3433 dicuntur
715 3373 860 3445 syllabae
884 3387 947 3433 non
971 3372 1004 3431 in
1029 3373 1094 3432 arsi
1117 3372 1339 3446 producuntur
1363 3370 1420 3430 sed

143 3477 358 3551 corripiuntur
381 3473 415 3533 iu
438 3472 533 3532 thesi.

186 3579 267 3651 Ergo
287 3573 446 3636 reicienda
464 3577 516 3633 est
536 3572 641 3646 opinio
665 3572 775 3648 l'iokii,
797 3574 881 3647 apud
902 3575 1082 3634 Homerum
1100 3572 1261 3647 quaslibet
1274 3573 1421 3647 syllabas

143 3681 257 3741 breves
277 3678 336 3738 sub
355 3678 421 3735 ictu
442 3691 498 3749 pro
521 3675 626 3748 longis
645 3674 755 3735 haberi
775 3677 921 3751 potuisse
945 3676 1132 3751 statuentia,
1154 3690 1258 3748 neque
1279 3674 1420 3748 Vogrina

143 3782 287 3841 Gramm.
301 3780 363 3852 pl
385 3777 478 3853 infra,
499 3778 552 3851 22,
570 3778 612 3837 34
625 3779 685 3837 etc.
707 3777 781 3838 huio
801 3779 874 3852 legi,
895 3780 1051 3851 tanquam
1073 3775 1249 3837 utilissimo
1272 3776 1417 3851 invento,

144 3881 263 3954 aliquid
279 3879 420 3961 tribuere
441 3879 587 3939 debebat.
608 3879 692 3938 llam
710 3894 751 3938 ex
773 3879 876 3939 altera
895 3881 986 3953 parte
1009 3894 1072 3938 non
1085 3879 1136 3937 est
1148 3890 1242 3951 nova,
1260 3891 1302 3936 ex
1314 3875 1420 3937 altera

143 3997 206 4042 non
227 3995 312 4041 vera.
333 3979 403 4039 Non
423 3982 474 4040 est
495 3995 608 4039 verum
630 3980 754 4040 medias
777 3979 1006 4039 vocabulorum
1028 3978 1173 4053 syllabas
1193 3976 1263 4037 sola
1281 3976 1370 4037 ictus
1386 3977 1419 4037 vi

143 4084 286 4158 potuisse
309 4082 450 4157 produci,
476 4099 502 4142 e.
524 4097 554 4154 g.
587 4079 698 4157 πόλῑος,
725 4081 805 4157 ,mit
827 4095 838 4139 ῑ
861 4083 956 4140 unter
973 4082 1046 4141 dem
1068 4080 1173 4140 ictus*
1198 4077 1276 4138 Fici
1300 4077 1417 4151 Odyss.

143 4202 172 4260 p.
187 4187 229 4245 93
242 4185 326 4258 infr„
338 4188 354 4242 λ
367 4185 430 4243 403
447 4182 668 4261 »μαχεόμμενον
682 4180 709 4260 (ο
722 4185 817 4242 unter
829 4183 903 4243 dem
917 4184 1011 4257 ictUS,
1025 4182 1088 4255 vgl.
1103 4176 1302 4256 δυνναμένοιο
1312 4177 1416 4257 414)”

144 4288 217 4347 ibid.
241 4303 271 4361 p.
298 4288 339 4346 96
363 4286 447 4345 infra
472 4286 513 4361 1);
539 4285 578 4344 ad
603 4285 746 4344 initiales
770 4287 881 4343 autem
906 4283 1050 4357 syllabas
1073 4283 1158 4356 quod
1181 4281 1312 4359 attinet,
1337 4281 1416 4341 nihil

177 4473 196 4538 ¹)
215 4477 298 4522 Etiam
316 4475 451 4522 lectionem
475 4476 528 4521 odoi
544 4478 621 4536 μάῑον,
638 4487 715 4531 quam
730 4488 744 4519 e
759 4473 860 4519 traditis
876 4474 969 4520 litteris
989 4474 1145 4536 ουδημαιονΒ
1158 4473 1207 4519 380
1223 4472 1286 4519 alibi
1304 4472 1414 4528 effluxit,

143 4558 178 4602 its
197 4558 221 4601 ui
241 4556 314 4601 l'allor
331 4554 434 4600 delendi
452 4555 532 4600 voluit
549 4557 577 4599 ut
598 4553 682 4599 brevis
700 4553 798 4612 syllaba
817 4573 844 4599 -ι-
864 4554 890 4599 iu
908 4555 958 4599 arsi
977 4566 1024 4613 pro
1041 4553 1117 4611 longa
1134 4555 1260 4612 usurpata
1277 4553 1320 4599 sit.
