3120 5124
745 117 807 176 142
1318 117 1348 187 [S
1369 117 1413 176 40

141 311 192 368 est
224 306 346 366 mentis
379 305 538 380 acumine,
574 305 743 366 defensum
775 305 816 365 iri
846 304 996 366 credibile
1027 320 1092 366 non
1117 304 1277 366 ducimus.
1301 305 1413 366 Nonne

142 408 260 469 melius
294 408 345 467 est
378 406 551 466 concedere
585 406 730 467 Bekkero
765 409 799 467 et
829 406 957 483 Cobeto,
990 408 1120 480 poetam
1151 407 1205 479 qui
1228 407 1312 467 hanc
1339 406 1416 469 iecit

141 510 348 584 rhapsodiam
371 509 405 567 in
427 508 487 568 hoc
511 511 597 568 certe
622 524 718 568 versu
742 523 919 569 consonam
942 508 964 565 1
986 507 1214 582 pronuntiasse
1237 509 1272 568 et
1293 501 1327 566 F
1353 504 1416 581 ἄξει

58 640 61 646 ·
142 612 264 671 dixisse
294 613 331 670 ut
361 625 439 670 mox
470 603 493 667 11
526 606 613 681 diter?
644 611 744 682 Atqui
775 610 803 669 si
834 625 898 670 uno
928 610 1008 684 loco,
1039 609 1093 682 qui
1123 609 1157 668 in
1186 609 1310 669 recenti
1333 610 1416 670 satis

142 714 253 772 Iliadis
275 713 366 786 parte
389 711 538 785 occurrit,
562 712 659 772 certis
683 711 886 785 argumentis
910 710 1092 771 stabilitum
1116 712 1167 770 est
1190 712 1361 784 digamma
1376 713 1415 789 ¹),

143 829 207 874 non
238 816 289 874 est
312 829 368 873 cur
391 813 555 873 sexcentis
578 814 652 874 aliis
676 813 771 873 aliter
793 813 990 887 iudicemus;
1016 826 1080 871 non
1103 813 1155 871 est
1177 828 1235 874 cur
1256 828 1416 888 negemus

143 916 288 990 potuisse
311 914 414 974 audiri
437 915 582 975 dicamne
607 911 722 991 (1111111)
746 913 846 974 vellet
864 915 959 988 poeta
983 928 1024 972 an
1042 928 1117 987 repo
1137 909 1241 992 (ἐρέω),
1262 914 1416 976 (1131111111

144 1018 245 1077 fuisse
268 1018 301 1076 in
324 1016 394 1076 eius
417 1031 471 1076 ore
495 1017 685 1090 pronomina
707 1017 762 1090 qai
784 1013 839 1086 (ὅς)
862 1017 897 1075 et
918 1031 995 1075 suus
1014 1012 1101 1086 (1ός).

189 1119 251 1179 Sed
274 1118 412 1178 fortasse
436 1117 555 1177 dixerit
577 1118 756 1192 quispiam:
784 1133 821 1193 ,o
845 1117 937 1192 bone,
962 1116 1114 1177 verberas
1138 1121 1230 1192 aera;
1250 1133 1317 1178 non
1337 1119 1414 1179 haec

148 1222 218 1296 ,est
249 1234 343 1279 mens
367 1217 481 1278 Caneri
503 1220 536 1277 et
559 1233 671 1278 eorum
695 1219 749 1290 qui
773 1234 849 1279 curn
873 1232 909 1278 eo
933 1218 1149 1278 consentiunt.
1173 1218 1287 1280 Dicere
1315 1219 1413 1280 voluit

149 1322 231 1397 ,illa
263 1321 399 1380 Iliadem
423 1321 455 1379 et
479 1320 669 1396 odysseam,
693 1320 769 1380 licet
791 1323 888 1380 natac
911 1321 1018 1380 sinte
1045 1320 1243 1381 carminibus
1265 1320 1411 1382 breviori·

148 1424 227 1497 ,bus
261 1423 293 1481 in
328 1422 444 1493 quibus
477 1422 643 1494 digamma
678 1421 817 1497 vivebat,
853 1422 941 1495 ipsas
972 1423 1083 1481 tamen
1114 1422 1314 1495 compositas
1343 1436 1411 1483 esse

147 1523 301 1597 ,dialecto
332 1537 415 1595 quae
444 1536 483 1581 ca
507 1537 648 1582 consona
670 1523 809 1598 carebat,
834 1523 971 1583 dialecto
995 1522 1151 1582 nimimm
1175 1523 1307 1583 Ionica”
1327 1516 1360 1593 ²).
1375 1556 1410 1565 -

142 1625 229 1700 Esto,
261 1638 458 1696 quamquam
492 1623 627 1683 minime
659 1624 793 1684 obscure
824 1624 953 1684 locutus
978 1625 1029 1684 est
1053 1622 1156 1683 Cauer
1178 1623 1253 1698 l.l.;
1279 1625 1339 1684 sed
1361 1623 1411 1683 iin-

142 1742 259 1800 gamus
289 1726 372 1785 hanc
403 1741 475 1785 esse
506 1725 575 1784 sive
606 1725 677 1784 aius
708 1726 778 1785 sive
809 1726 947 1786 aliorum
979 1725 1164 1786 criticorum
1196 1726 1410 1786 sententiam:

143 1829 223 1887 duas
254 1828 351 1900 igitur
383 1827 454 1886 vias
485 1827 633 1900 patentes
664 1826 726 1885 sibi
756 1827 852 1887 habet
884 1827 938 1900 qui
961 1827 1010 1886 ita
1032 1825 1162 1886 iudicat.
1192 1827 1260 1886 Aut
1288 1828 1410 1888 conten·

142 1931 216 1989 dere
240 1931 347 2003 potest
368 1929 522 2002 carmina,
549 1943 631 2000 quae
654 1928 717 2002 ipsi
739 1931 852 2002 poetae
875 1928 1028 2003 fecerant,
1052 1928 1086 1987 in
1108 1942 1210 2001 parva
1232 1927 1414 2002 fragmenta

143 2048 215 2092 esse
246 2031 447 2091 comminuta
478 2032 511 2090 et
540 2032 670 2090 tantum
699 2046 762 2090 non
792 2031 937 2105 periisse,
969 2032 1098 2090 mutata
1129 2031 1216 2090 enim
1245 2031 1412 2091 decurtata

143 2132 339 2207 amplificata
370 2147 442 2192 esse
471 2133 580 2191 omnia
610 2134 644 2192 et
674 2132 730 2191 vix
760 2147 861 2192 unum
891 2134 924 2191 et
947 2132 1087 2192 alterurn
1110 2132 1343 2192 hexametrum
1365 2145 1412 2191 su·

142 2251 271 2309 parasse
309 2235 411 2294 talem
449 2234 556 2307 qualis
595 2249 634 2294 ex
673 2235 787 2308 poetae
825 2249 880 2295 ore
911 2234 1081 2309 prodierit;
1114 2235 1171 2294 aut
1203 2247 1280 2292 cum
1309 2232 1415 2293 Fickio

142 2338 249 2410 potest
280 2350 420 2410 censere,
452 2335 585 2408 antiqua
608 2336 753 2395 carmina
779 2335 966 2395 etiamnunc
991 2336 1073 2395 satis
1096 2335 1222 2408 integra
1245 2348 1416 2409 superesse

143 2454 201 2498 nec
232 2440 358 2511 praeter
388 2453 480 2511 spem
511 2438 646 2496 sanandi
677 2440 835 2511 corrupta,
868 2437 981 2496 sedin
1005 2437 1149 2497 Ionicam
1173 2435 1351 2496 dialectum
1375 2449 1415 2495 ex

143 2540 274 2599 Aeolica
305 2541 475 2610 (quatenns
505 2539 537 2597 id
569 2538 639 2598 sine
670 2539 825 2599 violentia
848 2537 917 2598 fieri
944 2540 1081 2612 poterat)
1105 2551 1262 2598 conversa
1286 2552 1361 2597 esse
1384 2538 1417 2596 at

143 2640 256 2700 multis
288 2641 502 2700 recentiorum
533 2641 764 2700 additamentis
793 2643 928 2713 onusta;
957 2641 1037 2700 haec
1067 2638 1242 2700 resecanda
1274 2654 1359 2714 esse,
1383 2638 1416 2699 in

142 2744 290 2814 genuinis
313 2758 389 2803 vero
410 2742 558 2802 versibus
578 2741 694 2801 atalia
715 2755 797 2813 quae
820 2742 952 2801 Aeolica
972 2740 1129 2802 dialectus
1153 2742 1280 2814 propria
1304 2739 1417 2800 babuit

141 2844 341 2903 restituenda
364 2859 436 2903 esse
460 2843 614 2917 (psilosin,
640 2856 668 2918 ᾱ,
691 2840 806 2901 intrita
829 2845 903 2912 etc.)
927 2844 960 2902 et
980 2843 1145 2916 digamma
1157 2845 1190 2911 ³).
1212 2844 1256 2901 At
1277 2843 1415 2903 duarum

140 2945 255 3004 harum
280 2945 466 3018 opinionum
490 2944 575 3017 prior
599 2960 636 3004 eo
660 2943 744 3004 redit
767 2945 805 3003 ut
828 2945 974 3003 carmina
998 2944 1172 3004 Homerica
1186 2977 1226 2986 -
1240 2959 1267 3004 e.
1281 2958 1312 3017 g.
1335 2944 1416 3018 Aga·

142 3046 326 3105 memnonis
356 3061 431 3106 cum
462 3045 587 3105 Achille
618 3045 725 3105 rixam
759 3045 809 3105 vel
840 3060 951 3119 preces
982 3045 1104 3105 Priami
1127 3045 1179 3105 vel
1202 3044 1312 3105 Ulixis
1334 3059 1416 3106 erro·

143 3162 259 3205 res-
284 3163 347 3206 non
383 3161 460 3206 vera
494 3147 639 3206 carmina
673 3162 745 3206 esse
777 3147 948 3206 credamus
979 3148 1036 3207 sed
1069 3146 1251 3207 carminum
1282 3147 1418 3208 umbras

141 3262 358 3321 versuumque
382 3249 514 3323 rudera;
540 3264 581 3308 ex
604 3248 764 3322 lapidibus
787 3249 901 3322 templi
927 3249 1051 3321 antiqui
1075 3249 1206 3321 tuguria
1230 3252 1264 3309 et
1287 3249 1418 3310 stabula

143 3350 213 3409 rudi
248 3353 316 3409 arie
352 3351 476 3410 structa
511 3366 602 3424 esse;
633 3351 721 3425 ipsos
754 3352 885 3423 quidem
916 3353 1029 3425 poetas
1060 3350 1181 3410 dixisse
1212 3349 1279 3425 φίλε
1308 3344 1420 3428 inopi

142 3450 261 3522 dfarvrig
292 3451 404 3511 raWel
434 3451 521 3522 iiiia
552 3448 585 3511 δέ
614 3452 674 3512 ἔοι·
706 3449 779 3511 ἀλλὰ
810 3448 1114 3533 111η1ος11ερρέτω
1146 3451 1200 3512 vel
1231 3442 1280 3511 oid
1310 3471 1341 3511 τε
1371 3451 1418 3535 fb)

143 3554 246 3629 1οικῆι
267 3552 366 3624 Juvat
390 3549 523 3630 ἐύθυμος
544 3550 645 3630 ἔδωκε,
664 3555 720 3614 sed
741 3555 774 3613 in
794 3554 851 3615 illa
870 3555 1136 3615 hexametrorum
1156 3553 1315 3628 congerie,
1335 3567 1419 3627 quaa

180 3809 199 3876 ¹)
217 3814 311 3859 Eratna
336 3814 400 3861 haec
427 3813 571 3861 emendatio
595 3814 682 3872 ignota
705 3812 808 3858 Fickio?
834 3811 921 3859 Edidit
941 3816 1010 3860 certe
1029 3810 1053 3866 a<
1070 3811 1118 3866 ἄξοι
1136 3807 1176 3866 dir
1193 3830 1232 3860 m
1248 3812 1313 3872 ἄγων
1328 3816 1419 3874 Ἀχιλῆι

147 3895 256 3938 nrldccr.

182 3967 203 4032 ²)
221 3912 318 4018 liorem
343 3973 409 4019 hano
441 3974 533 4020 Caneri
565 3986 622 4019 esse
654 3973 807 4019 senientiam
833 3971 917 4017 afficio
943 3983 976 4017 ax
1002 3971 1033 4017 iis
1058 3984 1125 4030 quse
1151 3970 1257 4031 scripsit
1279 3972 1304 4018 in
1329 3968 1420 4019 nudis

151 4052 257 4108 praelat.
282 4065 306 4110 p.
331 4065 379 4098 xm
402 4065 439 4112 sq.
462 4057 489 4099 et
510 4065 561 4098 xm.
585 4053 669 4099 Etiam
693 4051 834 4098 Ludwichii
857 4050 1007 4109 (1111111111.
1026 4051 1094 4110 Hp.
1112 4051 1171 4108 181)
1191 4064 1222 4097 aa
1241 4050 1345 4098 ridetur
1361 4064 1419 4099 esse

147 4144 240 4177 ouillo.

164 4145 198 4266 l³)
218 4211 285 4266 ,Das
311 4210 448 4269 digamma,
474 4209 584 4256 welches
609 4223 658 4256 uns
679 4211 807 4256 verbietat
828 4210 924 4255 Homer
947 4209 985 4256 als
1003 4210 1096 4265 Iouisr,
1116 4208 1170 4255 und
1188 4221 1237 4255 uns
1255 4208 1359 4267 ndtbigt
1375 4208 1418 4255 11111

146 4290 184 4335 uls
201 4289 293 4334 Aeoler
309 4302 341 4334 zu
359 4288 484 4336 denken'’.
502 4290 563 4336 niel
582 4291 672 4348 Odyss.
690 4304 715 4350 p.
735 4291 748 4337 7
767 4293 794 4336 et
811 4291 922 4350 saepius.
