3120 5124
757 413 820 469 aar
1304 409 1332 480 [a
1355 412 1398 470 rer

147 604 201 664 ubi
224 603 317 664 hodie
340 600 415 675 ζέει
438 603 551 663 invitis
574 602 665 662 libris
690 600 865 661 rescribere
890 599 963 672 quis
987 599 1115 672 estqui
1138 598 1264 659 dubitet
1286 597 1398 668 (oilli

147 719 218 779 pag.
245 705 307 775 75).

191 807 362 867 Praeterea
384 807 436 868 hic
460 803 764 867 commemorandus
787 804 839 862 est
862 816 976 862 versus
1000 805 1031 860 A
1054 802 1118 862 554
1143 804 1187 871 (=
1210 802 1236 858 P
1255 801 1342 868 663lz

367 906 524 985 καιόμεναί
544 927 574 966 τε
601 902 690 982 derel,
714 904 765 976 τάς
788 925 817 963 τε
840 906 931 981 τρεῖ
948 897 1108 978 ἐσσυμένως
1131 922 1197 980 περ,

145 1008 199 1068 ubl
235 1005 339 1088 τρέει
367 1009 589 1070 necessarium
613 1025 685 1071 esse
717 1022 814 1069 nemo
845 1006 1032 1067 admonitus
1064 1019 1127 1065 non
1152 1005 1243 1066 videt
1264 1004 1313 1074 (cl.
1334 1004 1350 1072 l
1368 1007 1395 1063 ll

145 1124 216 1185 pag.
243 1112 305 1181 75).

190 1212 300 1286 Neque
322 1213 417 1274 aliter
440 1213 647 1274 iudicandum
670 1212 709 1272 de
733 1225 830 1271 versu
853 1232 874 1286 μ
899 1211 957 1268 75ε

366 1312 398 1374 τὸ
421 1309 475 1391 μὲν
496 1310 533 1373 οὔ
556 1307 617 1373 ποτ’
643 1309 764 1392 ἐρωεῖ,
787 1306 859 1371 οὐδέ
881 1302 942 1369 ποτ’
967 1307 1071 1386 αἴθρη,

144 1416 265 1489 corrige
292 1411 432 1490 ἰροίεε.
467 1417 552 1476 Item
576 1430 631 1490 pro
654 1410 742 1490 φωνὴ
770 1411 819 1491 ῥεῖ
844 1408 968 1482 ἄσπετος
991 1411 1023 1471 b.
1051 1409 1131 1471 Ven.
1161 1409 1390 1486 2381εςοο1ωο
1464 1402 1468 1407 '

144 1531 217 1576 esse
241 1512 297 1594 ῥέει
321 1517 416 1577 docet
439 1518 583 1577 metrum
606 1516 657 1587 (ci.
682 1515 700 1586 8
727 1517 766 1573 14
790 1528 861 1588 pag.
889 1514 949 1583 75).
1461 1590 1479 1601 ῃ

189 1616 302 1693 Qualia
332 1619 444 1678 autem
474 1618 631 1678 hactenus
661 1616 802 1676 indicata
832 1617 910 1675 sunt
941 1614 1031 1689 vitia,
1055 1628 1095 1674 ea
1117 1614 1207 1675 nullo
1230 1613 1356 1688 negotio,
1373 1608 1392 1666 si
1462 1604 1477 1617 ’

144 1720 204 1779 lroc
226 1732 314 1794 agea,
350 1720 435 1779 inter
458 1719 629 1792 legendum
654 1718 791 1793 possunt
814 1716 938 1790 corrigi.
970 1715 1041 1775 Non
1064 1712 1232 1794 ἐφορμᾶται
1254 1711 1393 1795 palpitatu
1470 1718 1479 1725 “

144 1817 176 1895 (α
197 1813 286 1900 215),
311 1823 347 1881 ut
369 1822 429 1882 boc
453 1823 535 1897 utar,
555 1820 765 1881 Homericum
785 1820 890 1893 sonat,
912 1817 969 1878 sed
990 1819 1047 1877 aut
1064 1814 1243 1897 ε’φορμῶετοι
1254 1813 1398 1897 γαμέεσθαι
1474 1883 1479 1893 1

142 1922 312 1983 dicendum
335 1925 396 1999 est,
419 1924 514 1997 idque
539 1925 665 1983 veteres
690 1924 782 1983 vates
802 1921 960 1995 dicebant,
985 1921 1043 1980 aut
1065 1915 1231 1998 ἐφορμᾶται
1248 1918 1405 1999 γαμεῖσθαι
1477 1918 1479 1922 ’

143 2025 417 2098 quemadmodum
447 2026 662 2086 Athenienses
692 2025 876 2098 loquuntur.
902 2023 952 2083 Ad
979 2037 1040 2082 nos
1064 2037 1139 2083 varo
1162 2018 1411 2097 pervenirier

143 2134 240 2202 μᾶσαι,
270 2128 346 2201 quia
374 2129 518 2189 metrum
548 2127 580 2187 id
612 2126 745 2201 ferebat,
769 2128 931 2203 γαμεῖσθαι
955 2129 1031 2185 vero
1055 2124 1230 2197 quominus
1254 2109 1417 2198 irreperet

143 2229 229 2288 certe
271 2229 443 2301 quominus
483 2229 523 2289 ad
567 2243 626 2288 nos
662 2228 901 2303 propagaretur,
938 2226 1088 2287 obstabat
1121 2227 1288 2299 quantitas
1321 2214 1421 2300 sylb·

143 2329 257 2388 barum
280 2322 318 2409 ¹).

190 2532 251 2594 Sed
282 2534 377 2594 multi
408 2536 485 2594 sunt
515 2549 630 2594 versus
661 2533 752 2609 epici,
784 2549 920 2606 quornm
953 2547 1106 2593 numeros
1129 2531 1253 2592 formae
1276 2530 1438 2592 concili·

144 2638 198 2696 tae
226 2638 336 2710 aperte
368 2635 542 2711 violabant,
563 2635 716 2708 qnoniam
740 2634 866 2709 syllaba
890 2651 954 2696 nna
973 2636 1165 2696 hexametro
1184 2649 1270 2695 nunc
1296 2616 1442 2694 deessb

144 2736 214 2798 Hae
237 2737 367 2798 tolerari
389 2751 452 2796 non
476 2738 650 2811 potuerunt
672 2739 845 2813 postquam
873 2737 1052 2798 Homerum
1077 2753 1154 2798 assa
1180 2752 1256 2799 voce
1282 2728 1446 2796 recitari

144 2837 195 2898 vsl
225 2837 331 2912 legere
359 2840 532 2913 coeperunt
563 2838 686 2915 Graeci,
719 2840 827 2912 itaque
859 2838 997 2899 diversis
1032 2840 1215 2913 partimque
1250 2834 1448 2898 mirib‘dss·

143 2940 281 3000 tissimis
304 2940 456 3000 remediis
480 2955 577 3000 ruens
601 2944 745 3002 metrum
772 2941 888 3001 talium
914 2956 1068 3002 versuum
1090 2941 1203 3003 fulcire
1223 2923 1448 3001 studuerunt

143 3041 291 3100 homines
321 3039 466 3116 litterati,
497 3040 530 3100 in
563 3057 699 3115 quornm
737 3057 853 3102 manus
885 3045 996 3102 textus
1027 3043 1230 3103 adulteratus
1260 3026 1445 3118 pervenit

144 3141 293 3217 Qualium
324 3142 538 3204 remediorum
575 3145 722 3204 omnium
756 3159 835 3205 sane
867 3143 1150 3218 simplicissimum
1181 3145 1261 3220 erat,
1294 3145 1330 3204 ut
1402 3142 1442 3205 pro

143 3243 238 3317 longa
261 3243 432 3305 haberetur
456 3245 582 3318 syllaba
606 3246 713 3306 brevis
735 3261 817 3319 quae
841 3247 1046 3322 praecederet
1066 3246 1227 3320 syllabam
1248 3246 1438 3322 perperim

143 3348 360 3420 contractam
396 3361 455 3407 neo
490 3361 561 3406 raro
603 3346 739 3408 lectores
780 3347 857 3410 illuc
891 3349 1041 3424 pellicere
1075 3348 1186 3409 debuit
1220 3337 1435 3423 ambiguills

141 3448 291 3507 vetustae
315 3447 526 3508 litteraturae.
549 3447 632 3508 Hinc
653 3451 728 3508 sunt
750 3453 830 3511 nata
848 3448 912 3510 εἰῶ
936 3448 1080 3526 εἰῶμεν
1103 3443 1253 3532 claust)
1279 3464 1335 3526 pro
1381 3434 1432 3497 ll'll

142 3544 255 3623 ἒάωμεν
279 3544 380 3606 ε’άουσι
407 3550 440 3608 et
462 3557 640 3608 πωτῶντο
664 3548 821 3628 τρώχων
844 3559 1060 3629 στρωφῶσα
1092 3560 1284 3630 τρωπῶσα
1310 3546 1335 3632 ⁸)
1377 3549 1432 3616 ΡΒ)

138 3644 294 3709 ’ποτᾶοντο
315 3644 451 3727 ’τρόχαον
474 3647 664 3727 στροφάοασα
687 3649 859 3727 τροπάοασα
884 3645 938 3732 (cf.
971 3652 1083 3713 Nauck
1106 3652 1179 3713 Mel.
1207 3667 1353 3726 grerom.
1392 3633 1431 3700 [V

141 3767 171 3825 p.
196 3751 282 3827 886),
315 3751 589 3825 quemadmodum
620 3750 653 3809 in
683 3753 854 3812 nominum
886 3752 1059 3814 flexionem
1083 3753 1208 3815 formae
1231 3754 1381 3816 insanae
1404 3729 1433 3813 ⁸)

141 3855 175 3915 et
209 3853 329 3914 dudum
364 3854 537 3914 damnatae
581 3850 678 3923 δείους
721 3852 843 3925 σπείους
879 3861 949 3931 σπῆι
985 3853 1109 3932 σπήεσσι
1142 3864 1249 3936 κρειῶν
1284 3851 1435 3916 ὠτώεντα

154 4005 165 4011 --
208 4004 339 4011 ”—

174 4094 194 4160 1)
211 4097 361 4156 Dignissimi
384 4097 427 4156 qul
444 4098 512 4144 inter
533 4110 560 4145 se
579 4099 742 4147 oonierantnr
768 4104 828 4147 snnt
846 4114 935 4148 versus
955 4106 977 4148 A
997 4104 1044 4151 140
1063 4105 1147 4151 αὺτίεια
1168 4104 1191 4150 δ’
1212 4105 1289 4169 ἰρρεεν
1313 4100 1385 4162 «ipa
1415 4084 1440 4128 ⁶⁸

140 4182 161 4224 Ρ
177 4178 208 4224 88
227 4181 335 4233 κείμενον·
352 4177 410 4240 ἰρρει
429 4176 453 4222 δ’
475 4172 539 4234 alpe.
558 4174 633 4225 Prius
651 4179 758 4227 verbnm
784 4181 843 4228 tuiti
869 4185 930 4228 eunt
954 4193 1044 4230 versus
1066 4183 1175 4241 numeri,
1200 4185 1329 4244 posterim
1361 4175 1440 4221 ⁰⁰¹¹'

140 4259 272 4304 uexerunt
288 4257 451 4304 recentiores.

172 4333 192 4397 ¹)
210 4338 248 4383 εἰῶ
265 4341 286 4382 A
307 4336 346 4396 55,
371 4338 451 4391 εἰῶμεν
469 4352 484 4382 σ
501 4336 550 4384 480
569 4355 586 4398 φ
605 4339 662 4398 850,
681 4341 743 4387 εἰῶσι
762 4345 784 4387 Β
803 4343 850 4389 188
870 4345 892 4388 A
910 4342 958 4390 550
978 4345 1000 4388 l’
1016 4342 1065 4390 858
1084 4348 1107 4388 Υ
1126 4343 1181 4390 188.

172 4412 192 4478 ⁸)
210 4423 319 4462 πωτῶντο
346 4417 377 4460 Μ
402 4415 459 4472 887,
484 4419 581 4480 τρώχων
608 4420 620 4472 ζ
642 4419 697 4472 818,
722 4428 852 4483 στρωφῶσα
876 4440 889 4484 ρ
913 4422 953 4482 at,
976 4437 1010 4468 -σε
1035 4421 1123 4482 plot,
1146 4431 1261 4488 τρωπῶσα
1278 4438 1292 4468 τ
1310 4417 1365 4469 ⁶21
1402 4414 1437 4444 ’θ’

143 4494 228 4541 1500.

171 4570 193 4637 ⁴)
211 4573 266 4621 vid.
285 4574 299 4633 5
318 4574 331 4619 ’ἰ
351 4586 408 4634 pag.
427 4574 458 4621 45
476 4587 515 4634 sq.
536 4578 562 4622 et
579 4575 593 4634 fi
612 4577 642 4624 '11
661 4591 700 4637 sq.
