3120 5124
149 419 164 487 i
181 419 219 490 ii]

149 609 252 678 quatuor
272 607 352 668 locis
374 608 524 681 corrupta
545 605 667 666 fueriti
690 606 834 666 Alterius
858 607 1003 681 speciosa
1031 611 1123 670 extat
1145 611 1166 672 i.
1180 627 1207 672 a.
1231 608 1378 692 ἆδροτῆτα

148 708 184 768 rel
205 706 352 788 ἀδροτῆτα,
381 710 465 783 quod
497 724 615 769 nomen
646 708 686 767 ab
718 707 875 768 adiectivo
901 704 991 786 ἁδρός
1011 709 1144 785 floridus
1166 714 1377 777 derivandum

146 814 216 887 esset,
247 813 286 873 cl.
326 806 481 891 ἀδροσύνῃ
513 810 564 871 vel
599 806 751 888 ἀδροσύνη
783 809 913 871 Hesiod.
946 811 1001 885 Op.
1034 815 1098 875 473
1126 817 1160 875 et
1187 816 1249 878 vid.
1277 819 1378 880 Lehrs

144 912 228 972 Arist.²
248 929 277 988 p.
303 914 368 974 260
392 928 457 987 sq.;
482 928 558 974 cum
580 914 691 973 temen
718 912 751 972 in
775 912 956 972 Homericis
981 915 1059 975 baec
1083 917 1182 992 stirps
1205 934 1268 979 non
1292 936 1377 996 repe·

143 1011 226 1087 daun,
250 1015 520 1087 acquiescendum
544 1015 672 1076 videtur
694 1015 727 1075 in
750 1014 887 1074 lectione
910 1014 1087 1076 difficiliore
1111 1015 1275 1096 ἀνδροτῆτα
1299 1023 1331 1093 ¹).

173 1114 447 1178 commemoranda
477 1117 613 1190 denique
643 1118 673 1176 h.
695 1117 726 1191 1.,
760 1117 816 1177 sed
846 1117 882 1175 ut
906 1117 1067 1193 reiciatur,
1098 1122 1150 1179 est
1172 1120 1267 1183 lectio
1289 1139 1376 1185 men·

141 1215 196 1276 dosa
213 1215 243 1277 zi
263 1215 391 1298 δρΰφθη
422 1239 436 1278 ε
458 1220 533 1280 426.
565 1219 640 1278 Sine
664 1231 763 1278 causa
787 1219 900 1278 contra
923 1221 1067 1279 metrum
1089 1221 1136 1281 ita
1158 1237 1290 1296 peccare
1312 1241 1376 1286 non

139 1317 217 1389 potuit
236 1320 347 1393 poeta3
372 1319 483 1379 minus
505 1318 606 1379 etiam
629 1317 760 1377 serenda
783 1319 834 1377 est
851 1316 946 1377 lectio
969 1318 1093 1379 duobus
1117 1321 1205 1382 vitiis
1227 1323 1377 1387 laborans

140 1413 297 1496 δέσιᾶθμοί
317 1443 337 1498 η
361 1421 415 1482 89.

168 1519 226 1581 lion
254 1522 371 1584 vitiose
402 1524 478 1583 sunt
508 1522 629 1583 tradita
653 1526 795 1599 πᾶνῆμαρ
817 1542 836 1579 ν
860 1522 899 1581 31
926 1522 960 1581 et
982 1518 1173 1601 πᾶνημέριος,
1195 1541 1298 1601 neque
1321 1545 1378 1604 per

138 1618 273 1683 licentiam
308 1625 479 1686 metricam
515 1641 556 1685 ex
590 1631 747 1702 παντῆμαρ
778 1624 812 1684 et
841 1620 1038 1701 παντημέριος
1072 1627 1266 1705 prodierunt,
1301 1629 1377 1693 licet

138 1722 239 1798 inguae
267 1728 350 1789 ratio
381 1729 529 1789 videatur
559 1729 641 1788 ferre
672 1729 710 1787 ut
732 1726 849 1788 ultima
876 1727 993 1787 radicis
1017 1727 1127 1787 littera
1149 1750 1164 1786 τ
1186 1744 1250 1790 uon
1273 1733 1401 1806 negle.

139 1827 219 1903 astur,
247 1829 303 1890 sed
333 1830 396 1890 duo
425 1830 558 1889 nomina
580 1830 673 1889 iuxta
695 1829 810 1903 posita,
834 1836 895 1886 πᾶν
918 1829 951 1888 et
973 1817 1062 1906 ἦμαρ,
1084 1829 1117 1888 iu
1141 1845 1240 1890 unam
1263 1849 1376 1894 vocem

140 1927 302 2003 obduxere,
333 1931 455 1992 vocalis
481 1932 592 1991 autem
620 1930 731 2005 stirpis
753 1932 866 1999 ravul—
889 1931 961 1989 turn
984 1929 1117 1989 demum
1139 1932 1270 2004 produci
1294 1935 1378 1994 solet

141 2041 195 2088 oum
220 2031 378 2104 integrum
408 2048 466 2107 per
495 2048 531 2093 se
562 2031 662 2092 efficit
690 2031 897 2105 adiectivum‚
929 2038 1008 2104 πᾶν;
1032 2031 1065 2090 in
1089 2033 1277 2106 compositis
1302 2052 1376 2097 vero

142 2125 209 2205 irio,
233 2131 361 2210 σύμπᾶν,
382 2132 511 2213 espieriis,
533 2131 566 2193 τὸ
591 2131 744 2211 caeduae,
766 2132 874 2193 brevis
897 2135 1009 2192 manet
1032 2135 1065 2208 ²),
1090 2133 1170 2192 item
1193 2135 1226 2193 in
1250 2151 1374 2211 compo·

141 2229 188 2290 sito
204 2236 306 2296 nostro
328 2240 469 2315 πᾶνῆμαρ
492 2237 526 2297 et
548 2236 706 2297 adiectivo
729 2235 813 2308 quod
832 2235 906 2295 inde
926 2234 1052 2295 ducitur
1078 2231 1267 2313 πᾶνημὲριος.
1291 2239 1375 2299 Hinc

142 2329 307 2407 nouantur
325 2337 476 2398 adiectivi
494 2336 669 2408 πᾱνάπαλος
689 2336 829 2411 primam
845 2334 1005 2408 syllabam
1020 2356 1036 2391 v
1049 2335 1113 2393 223
1129 2349 1242 2397 nonex
1253 2340 1375 2398 sevod-

143 2434 213 2504 καλος
231 2438 382 2509 prodiisse
404 2439 460 2499 sed
484 2441 613 2514 propter
635 2453 768 2499 causam
792 2451 874 2509 quae
896 2437 914 2505 ἓ
939 2437 979 2494 21
1004 2436 1144 2496 indicata
1163 2441 1213 2498 est
1236 2441 1376 2514 produci.

616 2661 857 2671 ——-.-—-—

611 2841 797 2925 CAPUT
821 2842 875 2924 li.

568 3021 628 3080 nu
653 3020 912 3080 consonis,

486 3331 513 3387 1.
552 3331 602 3386 De
623 3329 783 3386 consonis
802 3328 1001 3384 mobilibus.

486 3567 489 3573 Ι
522 3488 561 3547 Α.
587 3487 631 3545 De
653 3485 793 3545 cmteoeia
815 3485 969 3560 finalibus.

174 3639 251 3725 329.
285 3651 449 3713 consonae
483 3650 619 3712 mobiles
652 3649 685 3709 in
717 3663 833 3708 vocum
868 3648 959 3708 exitu
993 3648 1099 3721 prouti
1135 3648 1197 3708 fert
1234 3649 1375 3707 metrum

143 3748 269 3816 addmtur
291 3756 351 3816 aut
372 3754 574 3828 omittuntur,
599 3751 694 3811 modo
718 3751 873 3822 sequente
897 3763 1038 3809 consona
1062 3749 1156 3808 modo
1181 3749 1294 3808 vocali.
1315 3748 1376 3807 Ubi

141 3853 197 3913 snb
214 3858 352 3920 vocalem
375 3851 502 3931 abs'unt,
527 3855 659 3914 elisione
683 3855 817 3912 cavetur
836 3866 876 3911 ne
902 3851 959 3911 flat
982 3851 1091 3910 hiatus
1105 3850 1144 3925 ³);
1171 3850 1232 3909 vid.
1254 3851 1272 3918 ἓ
1292 3851 1343 3909 13.

144 3985 328 4007 Ἁ-

167 4054 181 4117 1)
192 4062 223 4110 lis
236 4066 408 4114 infelicissimo
432 4064 548 4112 (llemmii
566 4063 710 4109 commento
727 4066 828 4108 λιποῦσα
847 4060 946 4123 riporum
968 4064 993 4104 il
1008 4059 1055 4104 857
1075 4061 1102 4101 Χ
1120 4058 1168 4102 360
1186 4057 1236 4102 vid.
1255 4056 1378 4103 Ludwich

143 4136 198 4186 ΑΜ
218 4143 241 4191 11
264 4152 289 4207 p.'
311 4147 360 4193 ado
386 4148 451 4200 not3
477 4145 520 4191 vix
542 4144 641 4200 melior,
664 4143 725 4188 licet
749 4143 830 4187 metro
854 4141 923 4185 certe
946 4151 995 4184 nou
1018 4137 1096 4182 invito
1118 4136 1151 4181 sit
1169 4137 1320 4194 excogitata,
1338 4138 1379 4181 est

143 4212 223 4268 &lieri
237 4225 379 4273 coniectura
395 4228 496 4290 ἂρηῆω
514 4228 569 4284 (pro
587 4225 689 4290 ἀρετήν).

166 4292 277 4359 ¹)llimilis
294 4304 415 4352 usitatio
432 4317 497 4363 qnae
516 4305 583 4351 inter
602 4304 712 4363 simplex
729 4304 786 4354 πούς
805 4302 831 4346 et
848 4299 989 4357 compositu
1004 4297 1114 4345 ἀελλόπος
1131 4297 1151 4340 Θ
1167 4295 1214 4338 400
1230 4294 1253 4338 Ω
1271 4294 1309 4349 77,
1321 4295 1377 4353 159,

143 4371 300 4435 ὰ0001500
317 4390 337 4431 0
355 4386 412 4444 aio,
432 4388 513 4448 τρίπος
530 4388 556 4430 Χ
573 4385 621 4431 164
639 4381 782 4429 intercedit.

167 4449 184 4509 ’i
201 4458 329 4523 Corripitur
355 4466 443 4510 sutem
470 4463 583 4510 adverbii
607 4464 668 4509 ebro
693 4461 792 4519 syllaba
817 4458 901 4504 finalis
928 4476 941 4514 γ
964 4457 1011 4500 315
1040 4454 1100 4499 οὕτω
1126 4455 1287 4515 ὑπερφιάλους,
1315 4452 1385 4522 iiam·

144 4534 162 4576 Γ
171 4537 207 4583 169
223 4560 233 4586 o
248 4543 285 4589 12.

1285 4618 1299 4660 8
