3120 5124
815 353 883 397 xlm

253 524 367 597 Itaque
401 526 505 585 satius
538 526 664 586 videtur
695 541 759 586 non
791 525 934 586 multum
966 525 1042 585 huic
1064 523 1241 584 narrationi
1265 523 1416 584 tribuere.
1441 524 1485 583 At

208 625 339 686 etiamsi
363 641 461 699 quam
485 628 662 702 plurimum
686 629 715 689 ei
739 629 873 704 tribuas,
895 642 959 688 non
978 627 1010 687 id
1030 627 1104 687 inde
1127 626 1274 700 sequitur
1293 624 1376 698 qnod
1395 626 1483 699 puta-

208 727 265 787 bat
306 727 403 803 Wolf,
444 730 589 788 carmina
631 729 804 790 Homerica
846 728 1010 789 Pisistrati
1045 729 1136 787 iussu
1170 725 1309 787 Athenis
1341 725 1485 799 primum

209 828 327 902 scripto
357 829 513 889 mandata
542 845 625 906 esse,
653 831 687 890 et
708 845 726 891 e
749 829 910 905 poematis
934 829 1057 903 sparsis
1079 843 1184 901 neque
1207 828 1292 888 inter
1314 841 1350 887 se
1373 826 1484 887 cohae-

209 929 365 1005 rentibus,
400 942 482 1002 quae
516 931 674 991 hactenus
708 931 836 992 nonnisi
866 932 901 991 in
933 933 1103 991 cantorum
1134 945 1189 991 ore
1221 928 1390 1002 vixissent,
1421 927 1484 987 duo

210 1043 306 1103 opere
337 1031 415 1091 tunc
437 1045 509 1091 esse
537 1022 673 1092 conficta
696 1047 716 1092 a
739 1032 818 1092 viris
840 1032 1035 1105 quibusdam
1059 1030 1276 1102 (Onomacrito
1299 1029 1393 1105 aliis),
1417 1028 1483 1101 qui·

209 1129 270 1190 bus
305 1130 365 1190 hoc
400 1132 566 1205 negotium
596 1133 789 1194 Pisistratus
819 1134 1059 1194 demandasset.
1091 1133 1175 1193 Nam
1207 1132 1269 1207 ipsi
1292 1131 1421 1192 veteres
1444 1129 1484 1190 de

210 1230 320 1290 ordine
358 1234 507 1292 veterum
541 1234 723 1294 carminum
758 1250 778 1295 a
812 1234 983 1295 Pisistrato
1016 1234 1152 1295 restricto
1185 1233 1370 1307 loquuntur,
1405 1231 1484 1293 olim

211 1331 310 1404 igitur
343 1331 489 1393 ordinem
523 1335 666 1408 aliquem
696 1336 846 1397 extitisse
878 1337 935 1396 sed
963 1337 1041 1398 dnm
1068 1336 1101 1395 in
1131 1334 1240 1410 populi
1263 1348 1317 1395 ore
1339 1333 1485 1394 carmina

210 1432 519 1494 circumferebantur
551 1436 718 1496 turbatum
754 1439 788 1497 et
822 1436 984 1497 Pisistrati
1018 1435 1152 1497 demum
1188 1449 1265 1496 cura
1294 1434 1484 1494 revocatum

211 1548 285 1593 esse
307 1534 369 1593 sibi
393 1537 641 1612 persuadentem
664 1539 735 1597 tam
758 1538 904 1599 obscuris
930 1540 1042 1598 autem
1066 1552 1244 1613 parumque
1268 1534 1353 1609 aptis
1377 1533 1484 1593 verbis

209 1636 347 1695 utuntur
376 1639 414 1697 nt
443 1638 523 1699 certi
553 1639 632 1699 nibil
661 1655 716 1701 eos
747 1640 919 1700 rescivisse
949 1639 1006 1700 sed
1030 1639 1154 1699 lamam
1177 1637 1319 1712 dubiem,
1343 1634 1482 1695 fortasse

210 1734 324 1796 inanes
358 1736 495 1798 fabellas
532 1755 685 1813 meraque
715 1741 885 1802 mendacia
915 1742 974 1800 eut
1003 1740 1198 1801 comicorum
1231 1739 1320 1816 iocos
1352 1737 1483 1795 secutos

212 1850 285 1898 esse
309 1840 463 1912 appareat
486 1835 517 1910 ¹).

212 2029 239 2076 11
265 2045 290 2091 p.
318 2033 438 2082 390-404.
456 2061 486 2070 —
504 2037 599 2083 Parum
626 2037 735 2083 lelloiter
760 2037 787 2083 in
813 2038 920 2084 veritate
944 2049 1032 2085 eorum
1057 2049 1123 2096 quae
1146 2036 1178 2084 de
1198 2036 1333 2084 Pisistrato
1348 2035 1485 2080 narramur

213 2110 365 2158 vindicanda
382 2115 500 2160 uersatus
517 2128 573 2162 esse
590 2115 653 2161 mihi
670 2116 771 2162 ridetur
788 2116 817 2163 0.
834 2116 923 2171 Seeck,
941 2116 982 2163 dle
1000 2116 1108 2173 Quellen
1127 2116 1172 2163 der
1186 2100 1299 2175 Odyssee
1313 2126 1339 2174 p.
1354 2113 1484 2172 885aqq.;

213 2189 258 2247 qni
275 2191 467 2240 Telemachiam
485 2195 611 2241 Pisistrati
627 2198 743 2253 tempore
760 2196 868 2241 Athenis
892 2196 1034 2242 conlectam
1059 2208 1115 2243 esse
1138 2198 1220 2254 putat.
1242 2194 1291 2241 Hie
1307 2192 1347 2239 vir
1363 2190 1484 2251 qualibus

214 2271 373 2326 argumentis
388 2271 467 2318 fldem
483 2272 586 2330 habeat,
600 2273 697 2334 optime
715 2277 823 2334 apparet
840 2288 898 2334 pag.
916 2276 979 2325 iiii:
997 2288 1084 2329 „wenn
1102 2288 1181 2322 unser
1195 2271 1301 2321 Dichter
1314 2271 1485 2320 Telemachus

216 2348 284 2402 ,und
306 2346 469 2398 Peisistratos
494 2354 558 2398 stets
582 2354 607 2399 iu
631 2353 781 2402 demselben
799 2355 874 2402 Betis
900 2355 1016 2402 schlaien
1033 2351 1123 2414 lisst'',
1141 2353 1218 2412 (quod
1236 2353 1263 2399 in
1281 2351 1395 2410 Odyssea
1413 2351 1484 2410 equi·

215 2426 273 2474 dem
291 2442 342 2475 non
359 2428 428 2494 lego)
455 2444 498 2485 „sc
516 2431 606 2478 deutet
622 2446 650 2479 er
669 2431 750 2479 (lamii
767 2433 809 2480 die
825 2434 881 2481 Ehe
898 2447 939 2487 an,
955 2432 1051 2480 welche
1069 2433 1195 2480 zwisohen
1217 2432 1290 2478 ihren
1307 2430 1482 2477 Abkdmmlin·

215 2519 280 2564 „gen
306 2509 471 2566 geschlossen
496 2510 598 2557 werden
623 2510 712 2568 sollte;
737 2526 811 2558 wenu
836 2513 882 2560 der
908 2512 1065 2559 Nestorsohn
1087 2512 1176 2559 aeinen
1198 2511 1262 2557 Gast
1285 2508 1328 2557 bei
1344 2509 1391 2555 der
1408 2508 1482 2555 Hand

215 2587 336 2645 „ergreiit
361 2588 414 2634 und
439 2589 483 2635 ihu
504 2590 588 2638 neben
610 2591 708 2638 seinem
733 2592 832 2639 Bruder
853 2592 1040 2650 Thrasymedes
1063 2591 1136 2639 Piala
1156 2590 1266 2637 nahmen
1284 2589 1366 2635 heisst
1389 2589 1413 2647 (γ
1432 2585 1483 2648 39),

214 2677 258 2719 „so
283 2664 456 2724 symbolisiert
477 2668 534 2716 diss
560 2670 601 2716 die
620 2669 913 2730 Familienverbindnug,
930 2671 1026 2718 welche
1042 2670 1125 2717 durch
1146 2668 1318 2726 Vermittlnng
1337 2666 1383 2714 der
1402 2666 1482 2713 Peisi-

215 2744 356 2799 „stratiden
375 2748 500 2794 zwischen
518 2749 569 2796 den
591 2749 791 2797 Telemaohiden
815 2750 868 2796 und
893 2750 943 2797 den
961 2749 1156 2797 Alkmaioniden
1174 2746 1302 2804 entstand,
1319 2746 1387 2794 denn
1404 2746 1483 2793 Thra·

216 2824 350 2882 ,symedss
372 2839 423 2872 war
445 2827 491 2874 der
508 2828 625 2876 Ahnherr
647 2829 693 2876 der
710 2830 824 2891 Keisyra,
842 2829 888 2876 der
905 2830 993 2877 Gattin
1012 2829 1057 2877 des
1074 2825 1236 2887 Τγτιιιιιοιι.η
1255 2852 1286 2862 -
1303 2827 1389 2874 Hnina
1405 2826 1484 2885 igitur

215 2903 345 2951 doctrinae
374 2918 423 2966 ope
454 2906 563 2954 fortasse
593 2908 658 2954 illud
684 2921 786 2967 qnoque
812 2907 927 2968 indagari
953 2909 1048 2968 poterit
1071 2908 1139 2968 quod
1166 2908 1204 2954 vir
1227 2906 1318 2953 doetus
1336 2904 1405 2966 apud
1423 2903 1483 2953 Gel-

215 2983 278 3040 lium
295 2983 352 3030 xlv
370 2984 385 3030 6
403 2985 468 3032 scire
485 2985 627 3047 laborabat,
646 3000 739 3046 ¹quam
757 2987 790 3033 ob
808 3000 912 3034 oaumm
930 2987 1099 3035 Telemachus
1118 2985 1215 3033 cubans
1231 2986 1303 3032 iuxta
1321 2984 1370 3030 sibi
1388 2984 1483 3030 ouban·

216 3066 284 3118 „tem
309 3061 471 3111 Pisistratum
492 3079 543 3113 nou
566 3079 645 3113 mann
666 3065 781 3125 attigerit
805 3065 850 3113 sed
867 3066 942 3126 pedis
959 3067 1012 3113 ictu
1030 3066 1177 3113 exmtarit'‘:
1197 3090 1227 3099 —
1245 3076 1305 3111 osor
1321 3063 1407 3110 nescio
1425 3063 1483 3122 quis

215 3139 432 3190 Pisistratidarum
457 3145 526 3192 huno
551 3158 653 3193 versum
680 3145 781 3206 adiecit,
806 3146 905 3204 opinor,
928 3148 1066 3206 postquam
1090 3158 1122 3192 ex
1144 3143 1226 3191 Attica
1244 3146 1304 3190 sunt
1320 3142 1398 3203 pulsi.
1416 3142 1483 3200 Quin

216 3223 301 3268 antem
319 3221 441 3269 Herodoti
457 3223 471 3269 l
489 3226 520 3271 el
537 3224 603 3272 bene
622 3228 708 3272 nomm
728 3225 945 3272 narratiunculam
961 3224 994 3272 de
1014 3220 1124 3284 Oosayra
1140 3223 1191 3271 huo
1208 3223 1351 3270 trahimus?

251 3296 269 3358 ¹)
286 3297 386 3359 Proleg.
412 3301 444 3349 de
472 3302 610 3350 Comoedia
636 3303 705 3364 apud
732 3305 881 3351 Oramerum
907 3303 1002 3351 Anecd.
1029 3303 1110 3350 Paris.
1136 3303 1149 3349 1
1175 3316 1199 3362 p.
1227 3302 1251 3362 6,
1279 3301 1389 3362 repetita
1415 3298 1485 3360 apud

216 3378 371 3427 hieinelrinm
398 3377 498 3441 Fragm.
525 3382 595 3431 Gom.
620 3384 648 3431 11
673 3385 687 3430 l
710 3397 736 3444 p.
764 3384 827 3431 1237
854 3396 893 3443 sq.
920 3385 946 3430 et
972 3382 1111 3441 Bergidum
1133 3382 1160 3428 in
1183 3380 1223 3428 ed.
1240 3380 1369 3441 Aristoph.
1387 3378 1485 3439 proleg.

217 3472 242 3518 p.
268 3471 380 3506 xxxvm:
405 3461 446 3514 τὰς
467 3459 589 3527 Ὁμηρικὰς
613 3462 772 3525 ἑβδομήκοντα
798 3462 839 3509 δύο
863 3464 1017 3527 γραμμοτινοδ
1040 3463 1078 3507 lul
1103 3463 1274 3525 Πεισιστράτου
1291 3467 1332 3506 τοῦ
1353 3462 1486 3518 Ἀθηναίων

217 3541 330 3603 τυράννου
355 3539 469 3599 διέθηκαν
491 3541 582 3595 chamot,
608 3543 729 3608 σποράδην
752 3542 823 3596 οὔσας
841 3542 868 3589 τδ
886 3544 947 3604 πρίν.
966 3543 1124 3603 increpitamus
1142 3540 1168 3586 ii
1187 3539 1236 3586 aa?
1255 3537 1486 3586 amicissimis

217 3617 298 3681 νσιρδν
323 3617 361 3665 od
380 3621 537 3685 Ἀριστάρχου
553 3623 591 3667 ael
609 3621 750 3680 Ζηνοδδτου,
767 3620 841 3666 tiam
857 3619 929 3666 ὄντων
947 3621 1032 3665 τούτων
1058 3626 1104 3664 τῶν
1121 3621 1158 3665 inl
1177 3623 1323 3676 Πτολεμαίου
1340 3618 1485 3681 διορθωσδν-

217 3713 269 3744 των.
295 3703 316 3745 oi
341 3698 367 3744 ii
391 3698 503 3763 aissepsl
525 3715 572 3747 τισι
594 3700 636 3759 την
658 3703 695 3747 inl
721 3702 893 3764 Πιισιστρδτου
915 3698 1043 3763 διόρθωσιν
1060 3698 1223 3763 ὰναφὸρουσιν,
1237 3699 1314 3762 'Operi
1329 3699 1486 3760 Κροτωνιάτῃ,

219 3779 324 3841 Ζωπύρῳ
346 3777 501 3841 Ἡρακλοδντη,
524 3779 678 3844 Ὀνομακρίτῳ
700 3781 825 3841 Ἀθηναίῳ,
848 3778 886 3824 ναὶ
907 3795 952 3836 aar
969 3779 1006 3823 ini
1024 3782 1135 3836 aeracius.
1155 3803 1185 3812 —
1203 3775 1322 3825 scholion
1338 3775 1486 3822 Plautinum

218 3856 288 3916 apud
304 3856 473 3904 Bitsohelium
495 3857 536 3904 die
554 3857 688 3905 Alexandr.
706 3857 852 3904 Bibliothelr
869 3871 894 3917 p.
914 3858 941 3903 4:
961 3859 1092 3912 ,ceterum
1108 3857 1259 3904 Pisistratus
1278 3866 1394 3914 spamam
1414 3853 1486 3915 prius

220 3936 338 3997 ,Homeri
355 3937 453 3996 poesim
472 3938 530 3983 ante
548 3933 724 3984 Ptolemaeum
742 3935 941 3996 Philadelphum
958 3936 1032 3982 annis
1046 3935 1164 3983 ducentis
1181 3936 1208 3982 et
1224 3947 1254 3982 eo
1272 3934 1347 3981 etiam
1366 3934 1486 3995 amplius,

221 4015 333 4074 „sollerti
356 4029 418 4063 eura
440 4016 466 4062 in
490 4029 520 4063 ea
543 4030 610 4076 quae
627 4030 695 4064 nuno
715 4018 803 4063 extant
819 4015 919 4074 redegit
935 4015 1074 4076 volumina,
1093 4028 1156 4062 usus
1173 4014 1205 4060 ad
1222 4014 1270 4060 hoc
1287 4027 1353 4074 opus
1371 4013 1486 4061 divinum

220 4095 361 4151 ,industria
382 4099 503 4154 quattuor
526 4096 752 4144 celeberrimorum
774 4097 801 4142 et
823 4095 1057 4142 eruditissimorum
1077 4095 1217 4150 hominum,
1235 4092 1355 4140 videlieet
1372 4093 1487 4152 (ioseph,

220 4175 391 4231 „Onomaeriti
416 4176 587 4237 Atheniensis,
612 4175 704 4235 Zopyri
729 4173 896 4220 Heracleotae
922 4176 949 4220 et
974 4173 1070 4234 Orphei
1097 4173 1271 4228 Crotoniata03
1294 4186 1353 4220 nam
1377 4175 1485 4234 carptim

221 4254 308 4314 „prins
333 4255 460 4301 Homerus
482 4258 508 4302 et
528 4269 579 4302 non
602 4255 650 4301 nisi
668 4253 820 4300 diiiicsslime
838 4253 996 4311 legebatur.”
1014 4278 1044 4287 -
1063 4252 1217 4300 Heliodorus
1234 4251 1302 4311 apud
1321 4254 1442 4300 Taetzam
1459 4253 1484 4300 in

220 4330 320 4392 Proleg.
346 4333 377 4379 ad
403 4334 532 4393 Aristoph.
559 4330 627 4398 (Keil
652 4333 678 4378 in
704 4332 795 4379 Rhein.
822 4333 887 4379 hius.
914 4333 979 4380 leis
1001 4346 1026 4392 p.
1045 4333 1118 4393 ¹1⁶)²
1142 4338 1263 4379 συνθιτναι
1281 4332 1432 4396 τὸνὍμηρον
1450 4333 1486 4379 inl

221 4415 391 4476 Πιισιστρδτου
412 4413 571 4475 ἑβδομήκοντα
593 4413 635 4459 δύο
658 4412 750 4473 σοφοὺς,
768 4408 799 4456 διν
816 4411 976 4473 isidorianam
992 4412 1034 4458 δύο
1051 4406 1108 4458 εἶναι
1126 4413 1164 4458 aul
1182 4412 1223 4457 τὸν
1241 4411 1374 4470 Ζηνόδοτον
1392 4412 1429 4457 aul
1446 4410 1487 4457 τδν

223 4493 379 4555 Ἀρίσταρχον·
403 4497 479 4539 καίτοι
501 4495 620 4555 τισσδρων
641 4490 732 4555 ἀνδρῶν
753 4492 789 4537 ini
815 4494 986 4557 Πιισιστρδτοιι
1003 4491 1137 4538 συνθέντων
1154 4491 1194 4537 τδν
1207 4489 1314 4554 Ὅμηρον,
1333 4490 1413 4543 οἵτινδς
1430 4492 1488 4536 ιδσιν
