3120 5124
777 402 840 461 218
1340 399 1365 471 11
1385 384 1425 458 rt

208 593 239 660 3)
263 580 366 667 οὖδας,
388 586 493 661 οὔδεος
517 585 608 649 οὔδει.

209 695 240 762 4)
263 688 357 771 τέρᾶς,
389 688 478 771 τέρᾶα
510 714 530 768 μ
554 693 629 766 394,
662 678 774 769 τερῦων
806 692 848 749 Μ
867 691 942 763 229,
974 677 1105 770 credendo
1136 692 1165 748 Δ
1188 688 1253 750 398
1282 690 1355 760 etc„
1378 685 1428 748 sod

163 809 281 855 nornen
312 794 476 869 proprium
502 793 576 853 inde
600 793 765 853 derivatur
791 791 949 871 Τειρεσίης,
971 793 992 852 1.
1017 808 1044 853 e.
1068 788 1294 870 τερατοσκόπος,
1320 791 1354 850 in
1375 803 1430 877 quo

164 897 260 956 metri
290 911 389 956 causa
419 896 469 966 (cf.
494 897 512 966 5
537 897 589 964 21)
621 895 776 970 producta
808 897 860 955 est
891 895 1017 968 syllaba
1049 894 1195 955 initialis.
1224 926 1264 935 —
1296 893 1346 953 Ab
1376 890 1435 952 alia

163 997 262 1071 stirpe
286 999 419 1058 ductum
443 1013 515 1058 esse
540 998 667 1058 videtur
689 995 783 1074 τείρεα
806 1000 894 1056 cotra
916 999 945 1054 Σ
968 997 1043 1072 485,
1066 995 1170 1075 τείρεα
1190 995 1306 1069 hymn.
1334 995 1385 1069 7,7
1407 990 1436 1065 ’).

209 1098 322 1159 Cetera
345 1101 460 1159 neutra
483 1099 516 1158 in
539 1103 599 1174 -ἅς,
622 1112 704 1171 quae
727 1098 811 1172 apud
834 1098 1014 1158 Homerum
1037 1098 1251 1173 reperiuntur,
1277 1098 1375 1157 eunt:

209 1202 239 1270 5)
263 1196 354 1276 δέμᾶς
378 1201 406 1270 (5
433 1201 516 1268 262).

208 1299 240 1377 6)
266 1297 365 1372 δέπᾶς.

210 1403 239 1471 7)
263 1398 383 1478 κνέφᾶς.

169 1544 175 1556 .
208 1502 240 1579 8)
265 1499 361 1581 oddag.

208 1604 239 1672 9)
269 1600 362 1675 σὲλᾶς.

210 1704 261 1783 10)
286 1703 394 1778 οκέττᾶς
418 1708 509 1782 (plur.
534 1704 628 1767 σκέττᾶ
650 1709 728 1769 Hes,
753 1709 844 1784 Oper.
873 1711 958 1779 532).

210 1808 261 1878 11)
284 1805 401 1884 σφέλᾶς.

164 1910 197 1968 et
220 1924 302 1982 quae
325 1913 437 1985 postea
460 1912 493 1971 in
517 1926 579 1971 usu
602 1915 867 1986 permanserunt:

210 2011 261 2082 12)
283 2009 381 2092 γέρᾶς,
402 2013 483 2088 plur.
507 2010 578 2093 γέρᾶ
603 2015 627 2071 Β
652 2015 714 2074 237
742 2016 761 2072 I
781 2015 847 2074 334
872 2013 890 2072 δ
914 2018 966 2076 66.

211 2114 262 2184 13)
284 2120 387 2193 γῆρας.

209 2217 260 2285 14)
284 2211 381 2295 κέρας,
408 2231 479 2290 gen.
511 2212 626 2296 κέρᾶος,
655 2218 727 2292 etc,
759 2233 835 2278 cum
866 2219 1043 2292 composito
1074 2216 1178 2294 (Βοῶν)
1206 2209 1444 2293 ὀρθοκραιράων

167 2315 277 2376 0231
304 2319 364 2378 etc.
625 2349 627 2353 <

210 2415 263 2494 15)
286 2415 383 2496 κρέᾶς,
405 2420 485 2495 plur.
510 2417 581 2499 κρέᾶ
606 2421 631 2479 Θ
655 2422 716 2480 281
742 2443 759 2499 γ
783 2424 825 2482 65
849 2423 928 2496 etc.;
953 2423 1065 2480 utrum
1087 2414 1158 2497 κρέα
1180 2414 1303 2494 ἔδμεναι
1323 2417 1354 2474 Δ
1375 2415 1442 2476 345

164 2522 195 2577 Χ
216 2522 279 2581 347
308 2544 327 2580 ο
351 2523 415 2582 348
447 2524 490 2582 sit
513 2523 680 2584 ferendum
712 2517 854 2601 1111ρέὅῖ
879 2520 999 2599 ἔδμεναι
1023 2521 1160 2582 voluerit
1181 2520 1289 2596 poeta,
1313 2518 1442 2578 dubita·

163 2623 232 2696 tur;
268 2626 378 2697 aperte
413 2628 599 2700 corruptum
634 2627 685 2685 est
707 2621 778 2703 κρέα
808 2647 819 2683 ι
847 2626 922 2685 347.
955 2624 1125 2685 Genitivus
1154 2610 1236 2697 plur.
1263 2607 1385 2699 νρεῦαν
1408 2620 1441 2679 11.

757 2706 786 2723 ν

163 2730 256 2792 Merc.
283 2735 346 2792 130
369 2735 403 2793 in
427 2735 515 2795 codd.
540 2736 641 2810 extat,
666 2735 783 2795 ceteris
806 2735 885 2794 locis
907 2734 940 2793 in
963 2741 1069 2812 κρειῶν
1091 2730 1180 2807 abiit,
1205 2750 1222 2789 ο
1242 2730 1308 2789 334
1334 2729 1442 2789 invito

160 2832 230 2905 ipso
264 2837 379 2911 metro,
416 2836 454 2896 cf.
487 2838 505 2907 5
536 2839 572 2911 2;
605 2851 702 2910 quam
735 2837 892 2910 originem
923 2836 1042 2896 habeat
1074 2834 1191 2894 vitiosa
1213 2832 1294 2892 haec
1317 2830 1440 2905 forma,

161 2949 299 3007 quacum
328 2939 500 2999 concinunt
523 2939 683 3000 Hesiodea
707 2939 862 2999 vocabula
884 2946 988 3016 χρειῶν
1012 2938 1084 3010 (leg.
1108 2930 1225 3014 χρεέαν)
1249 2933 1346 3007 Oper.
1372 2931 1440 2992 404

160 3039 193 3095 et
216 3039 296 3095 κλεῐα
319 3039 390 3113 (leg.
415 3036 508 3110 κλέεα)
531 3041 649 3114 Theog.
675 3040 749 3115 100,
774 3040 915 3099 vidimus
938 3039 956 3108 5
978 3040 996 3097 7
1009 3034 1042 3107 ²).
1066 3037 1134 3096 Aut
1153 3035 1319 3096 recentem
1344 3033 1441 3107 origi·

160 3152 236 3198 nem
261 3141 366 3213 prodit
388 3144 446 3201 aut
468 3144 655 3215 corruptum
678 3145 729 3201 est
753 3148 847 3219 κρεῶν
871 3160 887 3199 ο
911 3140 963 3199 98.

208 3241 259 3311 16)
290 3230 363 3313 οὖας
396 3247 426 3300 Λ
452 3244 513 3302 109
542 3245 569 3300 Υ
589 3244 663 3319 473,
696 3238 813 3317 οὔατος,
837 3237 941 3316 οὔατα,
964 3235 1051 3298 οὔασι
1076 3240 1118 3296 Μ
1137 3237 1201 3297 442
1222 3259 1242 3313 μ
1265 3236 1332 3296 200
1357 3236 1440 3307 (Ait.

161 3331 225 3418 οὖς,
258 3337 352 3419 ὠτός),
384 3360 457 3404 curn
490 3345 659 3405 adiectivis
688 3341 821 3414 οὐατόεις
848 3344 883 3401 Ψ
904 3344 977 3417 264,
1003 3343 1066 3401 513
1091 3341 1168 3401 Hes.
1193 3338 1287 3413 Oper.
1312 3338 1381 3397 657
1404 3337 1442 3396 et

160 3438 300 3519 ἄμφοοας
330 3467 347 3523 χ
381 3448 429 3506 10.
454 3447 490 3505 In
519 3461 598 3506 mss,
623 3446 702 3506 haec
725 3445 845 3519 partim
868 3445 993 3503 intacta
1017 3443 1200 3516 evaserunt,
1224 3438 1347 3514 partim
1372 3452 1440 3499 con

160 3547 254 3619 rupta
277 3548 354 3606 sunt
373 3548 406 3606 in
425 3547 547 3608 formas
566 3548 753 3608 recentioris
776 3547 848 3606 aevi
868 3536 921 3617 οὖς
940 3549 972 3603 Λ
998 3545 1059 3603 109
1085 3545 1112 3601 T
1127 3544 1202 3618 473,
1223 3537 1297 3601 ὠσίν
1316 3563 1339 3618 μ
1361 3541 1439 3615 200,

160 3641 293 3705 ὠτώεντα
324 3649 374 3718 (cf.
406 3649 424 3717 5
455 3650 508 3718 69)
544 3652 579 3707 Ψ
605 3650 680 3723 264,
710 3650 773 3708 513
799 3647 875 3707 Hes.
901 3647 992 3722 Oper.
1018 3647 1093 3721 657,
1121 3640 1264 3720 ἄμφωτον
1288 3666 1305 3721 χ
1336 3645 1380 3704 10
1405 3637 1440 3713 ’1.

159 3748 253 3823 Apud
283 3750 481 3810 Simonidem
513 3751 657 3811 sincerae
688 3751 811 3810 formae
843 3739 916 3820 οὖας
939 3745 1129 3818 ο1οτ1ατόεις
1152 3761 1267 3807 revera
1291 3760 1437 3808 occurre

161 3850 239 3909 bant
269 3850 317 3920 (fr.
343 3853 394 3927 37,
425 3853 509 3927 245),
535 3852 574 3912 cf.
598 3852 770 3912 Herodian.
794 3870 824 3908 ττ.
848 3870 913 3926 μον.
937 3845 991 3920 λέξ.
1015 3863 1045 3923 p.
1072 3849 1112 3907 14
1137 3847 1240 3922 Diod,
1264 3847 1350 3907 item
1374 3847 1438 3908 An·

160 3951 323 4011 timachus
365 3954 398 4014 in
434 3954 532 4014 schol.
573 3956 607 4012 Ψ
638 3955 702 4013 845
738 3951 929 4030 ααλαύροττας
964 3946 1151 4021 οὐατοὲοοας.
1189 3948 1280 4009 Adde
1315 3963 1442 4010 nomen

160 4054 323 4128 proprium
361 4056 542 4113 ΟΜΤΙΕΣ
574 4056 607 4115 in
638 4055 844 4130 inscriptione
877 4053 1057 4114 Chalcidica
1092 4052 1166 4122 (vid.
1191 4065 1263 4125 pag.
1291 4051 1380 4127 150),
1406 4054 1444 4113 et

161 4156 327 4228 praeterea
346 4156 386 4217 cf.
408 4158 438 4216 h.
460 4157 585 4231 Orphic.
611 4158 728 4232 19,14,
749 4156 873 4217 Oaliirn.
892 4156 928 4215 ir.
947 4155 1022 4230 320,
1043 4151 1164 4232 ἀμφῶες
1177 4152 1339 4214 Theocrit.
1355 4152 1441 4215 128.

197 4410 215 4470 Ι)
234 4414 297 4461 Gen.
317 4416 408 4479 πετρέων
426 4419 470 4463 aut
487 4418 569 4480 upr'orv
587 4417 673 4463 Alcaei
692 4418 722 4462 fr.
743 4418 798 4463 156.

195 4488 217 4555 ¹)
234 4494 394 4542 Nominativo
412 4504 488 4560 κριτος
504 4509 567 4543 uana
591 4499 630 4543 oct
647 4497 760 4543 Ananius
781 4497 811 4542 11.
831 4496 854 4555 5,
873 4491 937 4559 3(1).
961 4496 1053 4542 Dorice
1067 4493 1161 4541 dicitur
1180 4495 1444 4558 κρῆς,Αε.κ111.795.

196 4568 216 4639 ³)
234 4574 320 4621 Etiam
337 4575 489 4623 adverbium
505 4576 621 4639 αμφοο11ς
639 4593 653 4640 ρ
672 4576 719 4622 237
744 4575 777 4623 ad
800 4588 890 4624 vocem
913 4571 969 4631 οὖας
991 4573 1156 4624 referendum
1174 4585 1233 4621 εεεε
1250 4573 1367 4624 videtur.
