3120 5124
146 97 208 157 aris
225 95 298 172 suis,
321 97 406 157 unde
431 97 541 158 Indiae
572 113 697 171 quoquo
719 97 955 170 Armeniaeque
978 97 1102 157 incolae
1121 112 1197 157 eum
1217 97 1395 171 duxerunt;

147 199 253 257 ceterae
285 212 361 259 vero
397 200 522 273 gentes,
558 214 641 272 quae
672 214 713 259 ex
746 199 860 258 eadem
897 199 997 273 stirpe
1035 200 1112 258 sunt
1138 199 1323 272 prognatae,
1363 198 1396 256 in

147 298 295 359 verborum
329 299 468 361 flexione
509 302 566 360 aut
599 315 763 374 nunquam
807 301 1003 374 usurparunt
1037 301 1096 360 hoc
1127 298 1308 373 praefixum
1338 301 1394 359 aut

96 394 98 401 '
146 401 253 461 mature
275 401 466 462 amiserunt.
500 401 587 478 Quae
611 401 700 462 labes
724 402 752 460 si
777 401 972 461 Graecorum
996 416 1122 474 quoque
1145 400 1290 474 linguam
1314 403 1393 461 tem·

146 515 210 576 pore
228 500 452 575 antiquissimo
477 502 663 578 invasisset,
694 503 741 562 ita
770 505 807 562 ut
834 503 1058 578 augmentum,
1083 505 1166 576 quod
1189 502 1268 564 olim
1292 501 1393 563 fixum

146 603 227 676 atque
253 602 368 664 stabile
398 603 527 680 diisset,
556 619 637 664 aevo
668 605 837 664 cantorum
862 604 1025 678 epicorum
1049 604 1209 678 coepisset
1233 603 1394 680 vacillare,

96 778 98 801 Ι
144 718 225 764 neno
254 711 316 764 non
346 706 533 778 expectaret
563 720 680 782 sonum
711 705 804 765 illum
836 705 941 778 magis
965 706 1134 778 magisque
1158 706 1189 764 in
1215 705 1393 765 desuetudi-

143 818 210 864 nem
237 805 398 866 abiturum
432 807 627 880 tandemque
662 806 869 868 interiturum
902 807 1013 883 fuisse,
1046 808 1320 880 quemadmodum
1351 807 1396 867 di·

141 907 249 978 gamm
270 940 311 950 —
336 909 374 967 ut
404 907 465 967 hoc
497 908 646 982 exemplo
673 911 806 969 utamur
830 943 870 951 —
894 908 1073 969 dominium
1099 909 1222 969 sensim
1245 909 1394 968 imminu·

141 1007 206 1067 tun
234 1024 302 1069 esse
336 1008 470 1069 scimus.
505 1009 550 1069 At
580 1009 645 1070 alia
676 1011 785 1069 omnia
814 1009 884 1070 fleri
916 1010 1082 1084 videmus;
1117 1010 1283 1083 augmenti
1307 1010 1393 1069 enirn

140 1120 212 1168 usus
234 1111 267 1169 ut
296 1109 443 1184 proprius
470 1112 522 1170 est
545 1110 685 1186 Graecia,
710 1111 757 1170 ita
779 1112 872 1171 extra
895 1111 1006 1185 poesin
1031 1111 1156 1185 epicam
1179 1113 1332 1171 constans
1355 1110 1396 1170 iis

138 1206 199 1268 fuit
230 1211 259 1271 et
298 1213 482 1285 perpetuus.
529 1211 726 1287 Quapropter
760 1212 827 1273 veri
862 1212 1020 1272 dissimile
1055 1213 1181 1273 ridetur
1222 1211 1394 1272 Homerica

142 1312 237 1372 aetate
259 1312 327 1373 vim
351 1312 447 1372 huius
479 1312 613 1387 praefixi
638 1314 684 1374 ita
708 1313 809 1374 fuisse
835 1313 1037 1374 debilitatam
1060 1315 1098 1372 nt
1117 1313 1197 1373 nihil
1222 1313 1397 1372 interesset

139 1411 333 1474 adderetrnne
364 1415 472 1474 verbis
502 1430 619 1488 necne;
651 1415 753 1475 immo
784 1415 868 1474 inter
898 1414 1030 1474 Homeri
1055 1414 1205 1487 aequales
1229 1415 1396 1487 augmenti

139 1520 226 1573 usum
251 1529 353 1588 aeque
384 1517 588 1576 constantem
620 1516 720 1576 fuisse
751 1518 849 1589 atque
881 1516 1018 1576 Athenis
1042 1517 1149 1575 aetate
1176 1516 1308 1576 Periclis
1332 1531 1394 1576 non

142 1620 301 1680 murinus
325 1632 389 1677 non
412 1618 579 1692 suspicari.

188 1714 251 1790 Quin
284 1721 382 1794 certa,
424 1721 462 1779 ut
492 1720 638 1795 arbitror,
670 1720 792 1780 ratione
816 1720 920 1780 evinci
944 1720 1052 1795 potest
1082 1718 1135 1777 diu
1169 1721 1244 1778 ante
1276 1733 1395 1778 aevum

142 1807 342 1896 Homericum,
377 1820 508 1894 perinde
538 1823 636 1894 atque
667 1823 788 1896 postea,
822 1805 954 1881 firmum
993 1821 1262 1893 constantemque
1294 1820 1395 1879 trisse

140 1920 289 1991 audenti
324 1936 434 1982 usum.
468 1921 551 1982 Nam
583 1922 672 1997 prius
706 1925 820 1982 natum
856 1924 908 1982 est
942 1924 1155 1996 augmentum
1191 1920 1394 1996 syllabicum,

140 2021 238 2086 Blitea
264 2022 444 2097 temporale
471 2023 544 2083 inde
570 2023 703 2097 prodiit,
728 2024 760 2082 in
786 2023 980 2083 Graecorum
1005 2025 1115 2083 autem
1139 2038 1193 2082 ore
1217 2021 1288 2082 soni
1310 2041 1344 2079 εα
1368 2041 1395 2079 εε

141 2132 176 2174 εο
196 2125 341 2183 mnuacti
371 2124 484 2198 longas
516 2124 643 2184 vocales
668 2137 686 2182 ᾱ
709 2147 728 2200 η
753 2146 776 2184 ω
801 2123 928 2184 efficere
950 2139 1015 2184 non
1037 2125 1219 2198 potuerunt,
1246 2123 1303 2182 sed
1327 2123 1396 2182 nati

141 2224 206 2282 snt
228 2224 260 2284 hi
293 2224 366 2285 soni
396 2240 477 2286 aevo
507 2225 591 2299 quod
624 2225 765 2285 Graecae
796 2225 925 2298 linguae
948 2225 1075 2285 natales
1100 2225 1276 2284 antecessit
1298 2221 1331 2297 ¹),
1356 2223 1396 2284 ad

143 2314 238 2384 horum
272 2326 386 2392 autem
420 2325 604 2399 analogiam
638 2327 751 2386 deinde
781 2327 849 2385 tet
879 2325 955 2384 tin
978 2338 989 2383 ῑ
1013 2327 1087 2385 eto
1119 2325 1276 2386 abierunt.
1309 2325 1396 2400 Quae

145 2426 232 2487 onnia
259 2427 413 2500 quoniam
443 2428 527 2503 apud
558 2428 737 2487 Homerum
761 2427 896 2487 minime
921 2442 994 2486 rara
1017 2429 1094 2486 sunt
1117 2421 1150 2499 ²),
1173 2428 1264 2501 patet
1286 2428 1393 2487 aetate

146 2524 237 2588 nun
266 2527 431 2602 epicorum
461 2530 673 2601 augmentum
705 2528 799 2601 longo
830 2543 892 2588 usu
923 2528 1052 2587 omnino
1076 2528 1178 2587 luisse
1202 2527 1393 2588 stabilitum.

149 2619 290 2700 laqueet
318 2643 465 2702 unquam
495 2628 557 2689 fuit
586 2631 717 2704 tempus
747 2644 809 2702 quo
841 2628 954 2688 Graeci
985 2631 1198 2702 augmentum
1227 2643 1282 2702 pro
1306 2627 1396 2687 libito

150 2724 202 2788 aito
224 2730 338 2791 addere
368 2730 439 2791 sive
470 2731 621 2791 omittere
651 2733 793 2805 possent,
819 2763 860 2771 -
884 2730 916 2789 id
940 2731 1024 2802 quod
1051 2730 1105 2788 vix
1130 2729 1328 2804 crediderim,
1354 2761 1394 2770 -

153 2822 327 2893 Homericam
352 2832 440 2892 certe
463 2833 607 2891 aetatem
631 2831 710 2890 illud
734 2834 862 2905 tempus
886 2831 939 2890 diu
964 2830 1149 2890 antecessit.

185 2929 255 3004 uua
286 2948 362 2993 cum
397 2932 444 2992 ita
478 2932 554 3007 sint,
585 2947 602 2992 e
635 2932 729 2992 metri
761 2931 886 3005 legibus
919 2932 1068 2992 videntur
1097 2932 1288 3006 repetendae
1324 2946 1396 2991 esse

157 3040 252 3109 timae,
283 3049 366 3108 quae
405 3033 583 3093 effecerunt
623 3035 660 3092 ut
693 3032 863 3108 permultis
899 3033 979 3093 locis
1016 3033 1197 3093 carminum
1233 3034 1396 3106 epicorum

158 3138 335 3204 rumentum
358 3135 569 3197 desideretur.
595 3133 796 3195 coniunctim
821 3137 931 3194 autem
956 3136 1033 3193 sunt
1062 3135 1291 3194 consideranda
1314 3149 1395 3206 quae

164 3299 320 3321 κ-

164 3431 372 3490 diuinet-unse
394 3441 422 3488 II
441 3454 467 3501 p.
486 3443 509 3497 6,
529 3443 556 3496 1;
574 3440 620 3488 sad
637 3440 797 3501 probabilius
819 3441 849 3488 (l.
868 3437 966 3500 Meyer²
986 3441 1000 3501 5
1019 3442 1068 3488 474
1086 3444 1198 3487 statuere
1215 3439 1279 3485 mihi
1296 3439 1397 3485 videtur

164 3522 198 3558 Mt
207 3528 231 3564 or
241 3522 363 3570 communi
377 3522 462 3582 patria
475 3520 631 3581 populorum
646 3521 913 3580 Indogermanicorum
930 3521 993 3568 illud
1007 3522 1085 3581 alpha
1099 3533 1234 3580 superesse
1249 3518 1296 3565 sed
1311 3532 1396 3565 osone

165 3589 208 3641 bil
220 3596 265 3656 ibus
279 3601 386 3649 Graecia
403 3600 488 3648 denuo
507 3613 565 3648 esse
583 3603 680 3661 natum,
697 3600 783 3661 qualia
800 3601 827 3646 in
844 3601 907 3647 Elea
921 3604 990 3647 certe
1005 3601 1114 3647 dialecto
1133 3599 1239 3645 minime
1254 3610 1313 3644 rara
1328 3601 1396 3644 sunt.

189 3665 202 3728 Ι)
214 3675 310 3728 ‚baia
326 3680 353 3727 in
370 3679 625 3739 indegermaniacher
642 3680 712 3727 Zeir’
731 3680 761 3725 G.
779 3678 878 3737 Megari
895 3680 909 3737 ξ
928 3680 976 3726 473
996 3683 1022 3727 et
1040 3680 1053 3735 i
1072 3680 1128 3724 480.

189 3742 277 3812 ²)Gcrte
300 3759 426 3805 vocalium
450 3773 479 3804 a·
501 3772 525 3804 e·
549 3773 574 3805 o·
593 3759 728 3818 productio
745 3758 814 3818 apud
832 3759 972 3805 Homerum
994 3758 1086 3817 passim
1106 3757 1242 3815 reperitur.
1260 3756 1345 3802 Verba
1362 3756 1395 3801 ab

167 3828 221 3874 ivel
233 3835 253 3878 is
266 3835 385 3884 ordientis
402 3837 428 3884 in
445 3836 534 3896 lingna
552 3837 650 3884 Graeca
668 3851 717 3884 non
734 3850 791 3883 osse
809 3837 963 3897 frequentia,
986 3837 1126 3883 Homerum
1151 3835 1264 3881 vocalem
1282 3836 1397 3894 ipaucis

167 3902 239 3957 tuam
259 3913 282 3960 in
304 3916 391 3963 turmis
416 3908 492 3978 (ἵκανι
515 3918 541 3962 Α
566 3918 613 3962 481
638 3920 695 3970 otc„
712 3910 760 3962 ἵκεο
780 3917 840 3962 [56
865 3920 923 3972 etc„
940 3909 1002 3962 ἶκηο
1019 3917 1044 3960 A
1063 3915 1110 3960 362
1129 3917 1187 3968 etc,
1205 3905 1289 3959 {alvaro
1307 3931 1321 3959 κ
1339 3914 1397 3968 359,

168 3976 233 4040 “filu
251 4008 265 4050 1
286 3989 326 4052 49)
350 3993 512 4053 produxisse,
537 4008 552 4041 a
579 3995 660 4041 vocali
688 3999 700 4040 ῦ
723 3995 823 4041 nullum
846 3994 952 4042 verbum
977 3993 1142 4040 Homericum
1166 3992 1287 4053 incipere,
1310 3991 1397 4038 docuit

169 4056 246 4112 cubus
258 4069 358 4120 uatum
375 4067 400 4119 1¹
416 4086 442 4134 p.
464 4075 511 4119 13³
530 4087 568 4134 aq.
