3120 5124
1298 415 1327 487 [5
1348 415 1399 476 888

141 618 326 681 possumus,
346 606 377 667 id
396 607 425 666 si
444 608 470 665 O
489 606 553 666 348
574 607 607 667 et
626 628 641 665 τ
661 607 735 682 883,
754 606 809 667 ubi
839 605 898 666 tati
918 603 1114 666 adminiculo
1126 601 1277 664 destituti
1290 614 1401 675 sumus,

140 706 302 766 intactum
324 707 589 783 relinqueremus,
613 723 677 768 non
701 708 787 768 cauti
810 707 867 768 sed
886 706 995 780 ignavi
1016 706 1126 780 potius
1145 705 1179 765 et
1199 701 1403 778 superstitiosi

141 806 289 868 homines
313 823 462 868 essemus
484 808 625 870 dicendi:

275 910 301 967 Ο
324 911 405 981 348;
430 903 465 968 ὃν
490 903 517 968 δ’
544 905 590 967 δν
613 905 688 988 ἐγὼν
711 904 866 968 ἀπάνευθε
890 916 967 968 νεῶν
990 903 1114 986 ἑτέρωθι
1136 904 1247 983 νοήσω,

285 1031 300 1068 τ
324 1012 405 1072 332:
431 1004 464 1081 ὃς
488 1004 518 1069 δ’
544 1006 589 1068 dv
613 1007 740 1087 ἀμύμων
763 1006 852 1080 αότδς
876 1006 909 1092 ἔρ
932 1010 994 1069 etc.

140 1110 247 1170 Immo
270 1105 306 1169 δν
330 1111 348 1170 δ
356 1108 369 1171 ἕ
391 1105 414 1170 τ’
442 1107 517 1190 ἐγὼν
541 1112 575 1171 et
597 1104 630 1181 δς
654 1110 672 1169 δ
680 1106 694 1169 ἐ
716 1104 741 1168 κ’
766 1106 902 1187 ἀμύμων.

185 1287 320 1362 Egregie
354 1304 479 1363 qnoque
510 1290 550 1350 ad
580 1290 727 1349 nostram
754 1289 939 1364 opinionem
968 1288 1125 1348 tuendam
1147 1287 1274 1347 iaciunt
1304 1301 1406 1347 versus

142 1403 183 1448 ex
206 1390 331 1466 quibus,
353 1390 547 1465 particulam
570 1409 621 1448 ιεν
644 1404 702 1464 pro
724 1385 762 1447 dv
786 1389 995 1464 restituendo,
1016 1388 1157 1449 alterum
1178 1387 1280 1449 simul
1301 1388 1406 1447 vitium

141 1490 309 1551 eliminare
332 1491 417 1553 licet.
442 1491 616 1551 Multorum
638 1491 742 1551 instar
764 1490 844 1550 mihi
868 1491 996 1551 ridetur
1019 1504 1134 1550 versus
1156 1510 1174 1566 ρ
1201 1488 1259 1550 10:

274 1588 326 1650 τὸν
348 1591 445 1662 ξεῖνον
469 1591 617 1668 δύστηνον
640 1584 682 1670 άγ’
710 1586 739 1661 ἐς
762 1588 859 1668 πόλιν,
882 1585 963 1669 ὄφρ’
991 1586 1030 1648 διν
1053 1587 1148 1649 ἐκεῖθι

276 1691 361 1751 δαῖτα
383 1692 526 1775 πτωχεύῃ.

142 1792 270 1852 Scilicet
300 1797 407 1872 κεῖνος,
436 1797 525 1869 κεῖθι,
553 1797 630 1853 κεῖσε
659 1794 719 1853 etc.
744 1793 917 1854 Homerica
940 1795 1027 1866 sunt,
1051 1793 1175 1853 formae
1199 1806 1277 1852 vero
1301 1789 1406 1864 quibus

142 1893 287 1969 praefixa
306 1898 357 1956 est
376 1897 486 1957 littera
497 1892 557 1957 ta
575 1898 689 1971 poetae
710 1909 860 1956 sermone
879 1897 957 1955 sunt
976 1894 1111 1970 alienae,
1132 1893 1302 1954 rarissime
1314 1905 1408 1952 occur·

141 1997 226 2071 runt,
257 1997 345 2057 nullo
368 1997 437 2058 loco
460 1998 619 2072 genuinae
642 1998 735 2071 eunt;
760 1996 799 2056 of.
824 1993 844 2071 ξ
868 1996 909 2056 97
934 2010 1005 2071 pag.
1030 1996 1093 2055 267
1120 2008 1169 2067 sq.
1194 1992 1236 2052 nt
1258 1992 1300 2052 ad
1324 1987 1407 2050 ἐκεῖθι

141 2097 224 2170 quod
259 2098 386 2174 attinet,
420 2099 452 2159 id
486 2114 549 2159 non
583 2099 686 2158 altero
720 2098 789 2157 loco
823 2096 995 2157 Homerico
1026 2083 1144 2169 legitur
1173 2095 1303 2168 praeter
1333 2093 1408 2151 hunc

142 2213 254 2258 unum.
291 2199 455 2273 Numquid
488 2200 587 2273 igitur
617 2199 750 2260 dubium
781 2212 854 2258 esse
884 2198 991 2272 potest
1023 2197 1099 2271 quin
1131 2196 1191 2256 hoc
1221 2195 1293 2256 loco
1325 2195 1410 2269 poeta

142 2299 264 2359 dederit
291 2296 392 2380 ὄφρα
415 2322 454 2360 κε
477 2305 596 2378 κεῖθι,
619 2298 894 2374 quemadmodum
917 2299 1059 2372 exempli
1080 2298 1186 2372 gratia
1209 2297 1229 2374 β
1257 2295 1320 2356 124
1344 2293 1408 2367 legi·

144 2413 219 2458 mus
242 2395 322 2478 όφρα
344 2423 377 2462 ιιε
400 2401 508 2480 urive?
529 2399 552 2474 ¹)

188 2499 401 2577 Contrarium,
432 2505 469 2563 ut
491 2505 551 2564 hoc
573 2505 607 2564 in
630 2504 772 2564 transitu
794 2517 1059 2577 commemorem,
1084 2517 1147 2562 usu
1174 2499 1266 2560 venit
1288 2502 1313 2557 8
1338 2498 1409 2568 147;

141 2601 185 2660 ibi
220 2604 308 2663 enim
342 2605 460 2665 vitium
494 2606 656 2679 prohibuit
689 2605 863 2679 quominus
896 2604 1037 2665 alterum
1069 2603 1186 2663 vitium
1217 2603 1408 2661 nasceretur.

142 2702 311 2764 Traditum
342 2707 393 2765 est
419 2706 475 2766 illo
497 2707 566 2767 loco
590 2703 670 2786 ὄφρα
693 2727 744 2766 κεν
766 2697 827 2789 ᾖσι,
849 2707 906 2767 sed
929 2705 1051 2767 dudum
1073 2702 1280 2764 intellectum
1304 2702 1355 2761 est
1377 2699 1409 2759 ab

143 2803 328 2880 editoribus,
360 2807 500 2867 formam
529 2808 623 2868 unice
647 2808 856 2868 Homericam
880 2805 943 2890 ἔῃσι
967 2805 1203 2866 restituendam
1227 2817 1312 2877 esse,
1338 2797 1409 2876 ὄφρα

141 2898 163 2962 ι’
192 2902 255 2988 ἔῃσι
278 2907 377 2980 igitur
395 2911 509 2983 poetae
532 2924 605 2969 esse
624 2924 760 2969 manum
780 2909 830 2979 (cf.
850 2907 967 2984 §soit
988 2907 1076 2984 Quae
1095 2904 1294 2966 subiunctivi
1313 2903 1410 2963 torma

143 3006 173 3065 si
202 3007 280 3068 olim
308 3009 431 3070 intacta
453 3011 641 3086 mansisset,
672 3011 743 3071 sine
773 3010 869 3071 dubio
893 3007 972 3089 ὄφρα
995 3004 1017 3067 ι’
1045 3010 1105 3068 hoc
1128 3008 1209 3082 loco,
1231 3008 1271 3066 ut
1293 3003 1410 3080 passim

144 3107 230 3185 alibi,
253 3109 387 3171 abiisset
409 3112 443 3170 in
467 3106 530 3190 ὄφρ’
557 3109 604 3171 ἅν.

188 3282 359 3345 Praeterea
382 3285 537 3347 afferatur
559 3287 612 3346 hic
635 3290 651 3346 1
677 3289 716 3348 17
741 3302 806 3361 aq.:

277 3379 345 3445 οὔθ’
371 3380 470 3446 ὁπότ’
497 3383 543 3446 διν
566 3387 693 3471 στείχῃσι
715 3385 790 3467 πρὸς
813 3384 946 3466 οόρανδν
969 3383 1168 3463 όιστερόεντα,Ι

279 3480 346 3546 οὔθ’
373 3482 417 3547 ὅτ’
443 3484 486 3548 διν
509 3485 555 3565 ἂψ
579 3486 627 3549 ἐπὶ
648 3494 738 3569 γαῖαν
761 3483 808 3548 ἀιό
835 3485 1006 3568 οὐρανόθεν
1028 3485 1240 3565 προτράπηται.

146 3587 206 3648 Hic
232 3590 330 3666 enim,
358 3592 437 3652 dum
463 3613 514 3650 κεν
541 3607 743 3668 revocamus,
771 3592 871 3652 simul
895 3589 1151 3666 parallelismum
1171 3587 1414 3648 enunciatorum

144 3691 364 3754 restituimus:

279 3787 347 3854 οὔθ’
373 3793 434 3855 ότε
458 3816 497 3855 κε
520 3793 657 3877 στείχῃσι,
677 3791 699 3865 ²)

280 3890 346 3955 οὔθ’
373 3894 391 3956 ό
398 3918 434 3956 τε
455 3890 480 3956 κ’
506 3891 552 3971 ἂψ
575 3898 636 3957 etc.

191 3995 334 4070 Denique
357 3998 420 4059 huc
442 3999 583 4073 pertinet
606 4018 619 4057 ε
645 3998 724 4058 10οε

281 4098 323 4171 τίς
347 4094 374 4159 δ’
401 4096 446 4159 διν
469 4097 565 4160 ἑκὼν
588 4097 728 4159 τοσσόνδε
751 4096 910 4177 διαδράμοι
932 4093 1065 4175 άλμυρδν
1088 4092 1182 4172 ὕδωρ,

180 4342 200 4409 1)
220 4347 303 4394 Alium
320 4349 498 4407 quaestionem
516 4349 602 4395 movet
616 4347 718 4393 insolita
735 4345 884 4392 vocularum
901 4344 963 4409 ὄφρα
980 4343 1010 4390 ἄν
1026 4342 1067 4390 rel
1085 4341 1147 4406 ὄφρα
1165 4359 1190 4388 x·
1205 4341 1327 4389 innotare
1345 4352 1416 4391 muru

145 4426 173 4470 ut
189 4425 290 4473 duobus
306 4430 406 4475 tantum
424 4427 488 4474 locis
505 4427 649 4474 Homericis
665 4426 749 4481 obvia,
766 4424 816 4470 rid.
835 4438 893 4484 pag.
913 4424 970 4470 558.

180 4503 201 4566 δ)
219 4507 308 4553 Mauro
326 4508 401 4553 Hom.
420 4502 545 4553 Grumm.²
562 4521 587 4566 p.
606 4506 654 4552 328
672 4504 771 4552 mavult
788 4502 842 4549 οὔθ’
863 4505 932 4549 indu
949 4507 1064 4563 στείχῃσι,
1080 4502 1167 4557 „since
1184 4501 1230 4549 the
1249 4498 1416 4549 roieronoeie

150 4582 295 4645 ,generarit
314 4585 355 4631 iiio
373 4584 452 4643 igitur
469 4585 547 4632 atium
568 4599 604 4630 rs.
624 4586 654 4631 18
673 4583 726 4629 οὔθ’
747 4582 812 4628 ὁπότ’
832 4580 870 4641 ἂψ
887 4581 936 4629 erit
952 4579 1099 4639 legendum.
