3120 5124
180 111 192 178 l
209 110 248 183 40]

210 301 232 369 il
247 315 313 361 raro
343 300 395 360 ost
425 297 592 373 dissimile,
625 311 801 357 consonam
832 297 865 374 f,
898 313 980 371 quae
1007 299 1040 359 in
1064 301 1128 360 arsi
1151 300 1315 363 sufficeret
1337 305 1408 365 sola

92 426 98 431 ·
170 399 204 460 ad
225 401 353 462 vocalem
384 401 519 462 brevem
549 398 786 473 producendam
817 395 888 468 (ἀπὸ
919 393 949 458 ἕο
973 402 1056 476 etei,
1088 402 1121 461 in
1149 403 1235 463 thesi
1258 419 1298 464 ne
1321 406 1406 466 adiu·

92 500 95 505 '
168 503 244 563 rante
279 503 407 577 quidem
442 502 545 562 altera
579 515 719 562 consona
754 517 791 561 eo
825 502 992 576 pervenire
1027 504 1171 577 potuisse
1205 507 1243 565 ut
1277 505 1406 581 longam

162 603 297 674 syllabam
319 603 477 664 redderet.

203 705 226 773 il
246 706 334 780 pauci
368 706 499 780 quidem
533 704 605 780 loci,
649 705 705 764 sed
739 707 851 765 tamen
885 705 945 766 loci
980 706 1103 780 aliquot
1136 709 1176 768 ab
1211 709 1407 771 Hoffmanno

156 803 273 880 aliisquo
300 807 434 867 indicati
464 806 662 867 contrarium
693 807 825 868 docent:
859 805 944 879 τόξόν
975 808 1067 867 dotto
1091 811 1164 885 etc,
1195 810 1276 871 item
1298 812 1406 871 foivov

154 904 358 987 Ῐοινοχοεῦντες
383 930 401 987 γ
424 909 500 984 472,
525 903 617 984 αὐτὰρ
643 909 791 984 Poeantia
815 908 945 970 Hesiod.
972 910 1058 970 Seut.
1085 912 1127 970 54
1151 911 1182 980 ¹).
1260 932 1264 937 ·

199 1011 222 1079 3)
239 1012 269 1071 in
290 1010 400 1071 dativo
422 1009 474 1068 for
499 1009 696 1082 singularem
721 1009 864 1082 aliquam
885 1011 951 1070 vim
973 1011 1073 1071 fuisse
1098 1012 1225 1074 litterae
1245 1029 1318 1091 vau,
1343 1031 1406 1088 qua

153 1105 189 1169 iu
214 1112 320 1173 octena
348 1111 447 1171 huius
476 1111 675 1186 pronominis
706 1111 834 1171 casibus
865 1111 912 1188 ic,
941 1112 1040 1185 teloio,
1069 1110 1164 1172 fibro
1195 1118 1344 1194 caruerit,
1373 1118 1404 1178 id

153 1223 268 1274 omnam
290 1214 387 1275 fidem
412 1216 545 1288 superat
567 1207 600 1282 ²).

196 1316 220 1385 4]
238 1316 269 1376 in
297 1316 409 1391 lingua
439 1315 611 1375 Homerica
641 1330 737 1375 voces
769 1314 863 1386 ξεῖνος
886 1315 980 1393 κούρη
1004 1322 1111 1393 κοῦρος
1135 1318 1218 1378 aliae
1242 1319 1403 1392 syllabam

152 1431 178 1470 ει
198 1417 238 1477 rol
259 1439 305 1494 oo,
326 1433 368 1478 ex
392 1417 448 1476 rof
471 1417 522 1477 vel
548 1416 607 1494 opt
628 1419 752 1492 natam,
785 1417 884 1477 nihilo
908 1419 1012 1477 rarius
1035 1419 1067 1477 in
1091 1419 1175 1478 thesi
1198 1421 1318 1481 habent
1342 1422 1402 1483 col·

151 1512 275 1579 locatam
308 1535 407 1593 quam
443 1520 477 1578 in
508 1519 573 1579 arsi
596 1513 628 1588 ¹).
662 1518 870 1578 Credimusne
901 1535 1076 1579 consonam
1107 1535 1170 1580 vau
1202 1523 1242 1581 ad
1272 1523 1402 1583 brevem

151 1629 223 1689 quae
249 1622 409 1696 praecedit
439 1620 585 1681 vocalem
608 1620 846 1694 producendam
869 1620 943 1695 plus
967 1620 1108 1681 valuisse
1132 1622 1164 1681 in
1186 1623 1237 1682 his
1262 1625 1403 1699 vocibus,

149 1720 202 1780 ubi
225 1725 295 1784 anto
327 1739 445 1784 aevum
477 1722 685 1782 Homericum
718 1723 870 1796 absorpta
904 1724 954 1783 est
985 1739 1063 1784 sono
1095 1725 1209 1800 vicino,
1242 1741 1340 1799 quarn
1371 1729 1404 1787 in

151 1824 365 1886 vocabulorum
397 1825 500 1901 initio,
532 1824 586 1885 ubi
610 1840 668 1884 suo
692 1826 761 1884 iure
785 1826 963 1884 etiamtunc
986 1825 1160 1886 utebatur?
1182 1826 1223 1886 lit
1246 1827 1284 1887 de
1308 1830 1404 1889 verbo

92 1950 94 1969 ι
146 1917 278 1999 δείδοικα,
311 1928 395 2000 quod
426 1941 587 2000 nusquam
624 1941 687 1986 non
725 1927 758 1985 in
793 1927 876 1985 thesi
909 1927 1006 1986 habet
1040 1926 1200 1999 syllabam
1234 1928 1403 2005 initialem,

143 2025 218 2093 quid
236 2028 332 2102 igitur
357 2029 560 2089 statuimus?

194 2128 218 2198 5)
237 2132 406 2203 postquam
437 2131 569 2191 evanuit
599 2130 764 2204 digamma
796 2147 813 2190 e
841 2132 934 2190 textu
959 2131 1140 2205 Homerico,
1164 2146 1227 2190 non
1254 2135 1402 2205 poterant

139 2236 209 2286 non
234 2230 396 2305 displicere
427 2247 542 2292 versus
570 2232 624 2305 qui
648 2231 807 2306 syllabam
832 2233 865 2291 in
889 2232 974 2291 thesi
997 2233 1067 2292 sine
1092 2247 1191 2292 causa
1214 2233 1402 2306 productam

137 2322 253 2392 habere
275 2333 481 2407 videbantur;
505 2333 589 2394 tales
612 2333 711 2407 igitur
734 2333 821 2393 locos
848 2333 947 2393 variis
971 2334 1076 2393 modis
1099 2335 1241 2393 tentatos
1265 2350 1337 2395 esse
1361 2337 1400 2395 ab

137 2428 309 2495 editoribus
338 2435 433 2496 facile
463 2437 634 2496 oredimus.
666 2435 704 2494 In
727 2434 793 2494 arsi
816 2450 891 2495 vero
912 2434 1036 2509 syllaba
1060 2435 1176 2511 brevis,
1200 2451 1299 2509 qnam
1323 2437 1401 2498 olim

139 2532 329 2599 produxerat
358 2537 483 2597 initials
513 2536 679 2609 sequentis
712 2527 857 2595 vocabuli
884 2537 1059 2611 digamma,
1084 2551 1124 2595 ne
1147 2539 1220 2609 post
1242 2539 1399 2598 amissam

141 2633 266 2701 quidem
299 2639 383 2699 hano
413 2638 557 2698 litteram
593 2653 688 2697 aures
723 2637 904 2697 offendebat
936 2672 976 2679 —
1009 2652 1104 2710 saepe
1136 2638 1222 2697 enim
1258 2639 1402 2712 syllabae

142 2728 253 2797 breves
278 2741 318 2800 ab
347 2740 489 2800 Homero
519 2739 552 2799 in
587 2740 652 2798 arsi
686 2740 968 2813 producuntur-
993 2753 1096 2811 neque
1128 2738 1225 2811 igitur
1252 2740 1400 2800 sollicita·

144 2828 254 2899 butor
272 2842 456 2902 huiusmodi
479 2841 671 2901 hexametri.
702 2841 849 2915 Exempli
874 2842 978 2914 gratia
1001 2841 1131 2900 initium
1156 2856 1270 2900 versus
1295 2844 1323 2898 A
1348 2843 1399 2917 70,

149 2923 192 3004 ὃς
210 2940 299 3020 tritor,
327 2945 411 3004 satis
441 2943 606 3004 tolerabile
630 2944 798 3003 videbatur
821 2944 921 3003 etiam
946 2945 1018 3017 post
1042 2943 1201 3001 amissum
1225 2943 1400 3017 digamma,

154 3038 193 3094 et
212 3034 238 3113 ὃς
263 3042 326 3127 ᾔδει
357 3043 438 3130 (ᾔδη)
469 3046 567 3119 igitur
594 3045 803 3120 scribebatur,
828 3044 916 3104 nullo
940 3044 1047 3103 addito
1071 3043 1172 3103 fulcro
1196 3044 1236 3102 ad
1260 3046 1402 3103 metrum

154 3144 401 3219 sacrandum
435 3148 492 3207 sed
528 3149 555 3204 A
586 3146 649 3206 548
686 3146 714 3205 si
748 3146 824 3205 olim
857 3146 919 3205 fuit
952 3143 1003 3204 τὸν
1040 3143 1178 3218 deicerer,
1208 3146 1402 3218 posteriores

159 3234 221 3304 inde
246 3248 357 3311 iecisse
389 3247 441 3309 τόν
477 3241 499 3327 y'
534 3246 638 3306 εἴσεται
673 3262 735 3307 non
771 3249 821 3307 est
856 3248 940 3319 quod
977 3247 1141 3321 miremur,
1174 3247 1242 3306 sive
1275 3263 1401 3307 merum

92 3404 94 3419 ι
162 3384 353 3411 *g—

194 3475 207 3539 Ι)
218 3486 383 3538 ianuarum
401 3498 442 3551 -qa
458 3493 574 3536 vetustas
592 3491 654 3536 artis
673 3503 722 3536 non
740 3503 797 3535 esso
815 3488 940 3549 videmus,
958 3489 1003 3534 sed
1019 3502 1068 3535 non
1084 3489 1226 3536 infirmatur
1240 3491 1308 3549 hinc,
1326 3490 1400 3536 robo-

165 3562 219 3608 mlt
237 3571 315 3627 potina
336 3573 516 3630 argumentum
540 3573 663 3628 nostrum,
680 3569 753 3629 prius
770 3570 838 3615 enim
858 3569 1009 3615 confluxisse
1027 3568 1140 3626 syllabas
1160 3588 1202 3614 aa·
1222 3583 1298 3627 qnam
1317 3570 1401 3615 ubiso-

167 3634 208 3687 *ΠΝ
221 3650 251 3694 aa
265 3650 392 3709 digamma
409 3649 508 3696 initiale
524 3648 584 3695 inda
601 3649 719 3696 eflicitur.

192 3711 289 3776 'littam
313 3729 469 3777 conuentum
495 3728 664 3775 demonstrari
689 3729 784 3788 poterit
808 3742 857 3787 opo
881 3729 942 3774 artis
965 3728 1114 3782 sibilatione,
1134 3728 1155 3773 si
1174 3729 1231 3786 quis
1249 3732 1323 3787 putet
1340 3730 1403 3774 satis

170 3794 231 3849 '⁰0¹0
249 3807 309 3857 hano
334 3812 415 3856 artem
443 3808 476 3854 ad
501 3808 698 3855 demonstranda
722 3822 752 3855 ea
775 3822 841 3867 quae
862 3822 912 3853 non
931 3808 1024 3853 sintin
1042 3821 1127 3853 rerum
1145 3812 1243 3853 natura.
1261 3809 1358 3866 Nempe
1377 3809 1402 3853 in

171 3870 222 3926 “¹1¹1
237 3887 320 3935 tradito
342 3889 471 3948 genitivus
493 3883 526 3934 aio
549 3892 573 3935 'do
596 3892 651 3934 idco
668 3891 695 3934 et
717 3889 878 3934 accusativus
902 3892 911 3932 t
930 3888 1041 3933 litteram
1060 3887 1189 3945 digamma
1207 3900 1333 3945 nusquam
1352 3901 1401 3933 non

172 3958 251 4009 manni
270 3967 307 4014 rai
334 3967 481 4019 admittunt,
506 3969 593 4013 contra
617 3967 718 4014 dativus
741 3971 762 4014 ol
784 3967 965 4026 septemdecim
989 3967 1052 4013 locis
1072 3967 1215 4013 Homericis
1233 3977 1289 4012 eam
1308 3967 1402 4024 amisit,

173 4030 246 4088 didon
259 4049 295 4094 ea
310 4046 428 4094 habenda
445 4047 548 4094 lectioni
565 4047 693 4106 vulgatas.
709 4048 809 4094 Numne
829 4048 906 4105 igitur
923 4048 1053 4105 digamma
1075 4046 1101 4091 in
1125 4047 1270 4092 accusativo
1288 4048 1314 4091 et
1331 4047 1401 4104 geni-

173 4108 210 4159 5'0
221 4118 282 4173 baina
296 4126 454 4187 pronominis
466 4125 524 4188 plac
540 4127 651 4173 valuisse
668 4140 745 4186 quam
763 4128 788 4173 in
806 4127 891 4172 dativo
910 4127 968 4172 hino
986 4125 1128 4171 allicimus?
1147 4125 1229 4171 Immo
1247 4124 1305 4170 ride
1323 4138 1400 4183 quam

174 4186 264 4250 ‘burda
280 4220 319 4254 rea
336 4206 461 4253 atatiatica
478 4205 544 4253 duca
561 4205 691 4266 possimus
708 4207 895 4252 demonstraret

197 4268 212 4327 l
224 4278 267 4331 tra.
282 4287 295 4345 q
311 4288 352 4345 aa,
370 4300 428 4347 pag.
452 4287 506 4334 aaa.
