3120 5124
751 381 812 439 134
1316 375 1345 446 [ἓ
1366 375 1404 434 40

142 569 309 629 videbatur
339 569 412 642 post
442 568 567 628 Bentlei
599 584 693 628 curas
717 568 845 628 criticas
870 601 910 610 -
936 582 1012 627 cum
1036 568 1185 627 citandus
1207 567 1297 626 esset
1319 564 1405 624 loeus

141 671 343 746 Homericus
379 670 525 743 appinxit
558 670 702 729 litteram
739 670 904 742 digamma
938 667 967 737 ¹).
1001 669 1045 728 At
1070 667 1141 728 vide
1164 666 1323 741 quantillo
1346 680 1406 725 mo·

141 773 251 831 mente
275 770 484 846 impellantur
508 774 635 831 mentes
658 772 828 832 hominum
853 772 937 831 inter
960 786 1083 830 errores
1107 772 1140 830 et
1160 784 1237 830 vera
1259 767 1406 829 vacillas·

141 875 208 933 tes:
243 889 307 933 nen
343 874 586 934 admirabantur
619 889 757 933 acumen
790 873 910 946 ingenii
945 872 1125 932 Bentleiani
1159 885 1263 944 neque
1297 867 1409 944 cupide

141 975 336 1048 arripiebant
370 976 440 1036 eius
458 968 653 1050 inventum,
690 976 746 1035 sed
780 975 927 1035 ridebant
960 974 1115 1034 formam·
1133 974 1220 1034 iusto
1253 972 1409 1033 maiorem

142 1077 269 1136 litterae
302 1077 452 1137 insolitae
483 1073 637 1152 (Ρέοικας),
659 1092 757 1148 quam
784 1076 904 1151 „veluti
928 1071 1062 1151 ἄμουσον
1090 1074 1251 1148 quendam
1275 1072 1409 1134 saulum

142 1194 238 1252 super
261 1180 368 1238 cetera
391 1178 553 1239 elementa
576 1178 740 1238 eminere’'
761 1178 855 1238 dicax
875 1179 970 1251 poeta
989 1177 1136 1237 acerbius
1154 1190 1254 1249 quam
1274 1174 1411 1235 facetus

141 1280 307 1340 iocabatur
330 1280 362 1347 ²).
608 1337 612 1345 ,

188 1381 406 1454 Margaritam,
438 1380 530 1439 cuius
560 1380 700 1454 pretium
729 1380 785 1439 vix
808 1395 892 1439 unus
915 1382 948 1439 et
971 1379 1054 1440 alter
1076 1378 1161 1438 inter
1184 1378 1312 1439 Bentlei
1335 1377 1411 1437 ami·

143 1497 198 1542 cos
232 1484 266 1541 et
299 1481 472 1555 discipulos
507 1484 693 1555 agnoverat,
728 1497 745 1541 e
777 1496 875 1542 coeno
902 1496 964 1554 quo
989 1481 1115 1542 abiecta
1137 1481 1264 1541 iacebat
1286 1479 1413 1554 primus

144 1584 278 1644 sustulit
311 1585 340 1642 is
374 1584 428 1655 qui
465 1584 667 1658 „Bentleium
702 1583 781 1642 nihil
816 1584 849 1642 in
885 1583 1015 1643 Graecis
1048 1583 1239 1656 cognovisse
1272 1581 1338 1641 nisi
1373 1595 1413 1640 ex

144 1685 301 1745 indicibus
324 1685 484 1758 pet'tum’'
509 1684 671 1743 affirmare
694 1698 757 1744 non
781 1685 918 1745 erubuit.
944 1684 1050 1744 Tertio
1082 1698 1166 1744 anno
1189 1686 1265 1758 pest
1286 1681 1413 1742 Bentlei

144 1787 283 1845 mortem
304 1785 410 1846 lucem
430 1785 648 1859 adspexerant
667 1787 794 1848 Ricardi
814 1787 930 1847 Dawes
949 1786 1154 1847 Miscellanea
1169 1784 1412 1858 criticatlltbl,

145 1887 237 1946 cuius
270 1886 342 1946 libri
377 1887 518 1947 sectione
552 1887 611 1946 IV*
638 1891 745 1962 agitur
778 1890 814 1948 de
847 1889 1042 1948 correorrcntts
1075 1904 1137 1947 cac
1170 1872 1289 1946 virtute.
1326 1884 1414 1945 Haec

145 1989 377 2048 commentatio
412 1990 474 2048 etsi
508 1990 726 2063 singularibus
760 1991 880 2064 ingenii
915 1990 1042 2050 dotibus
1074 1990 1166 2065 nitet,
1197 1988 1271 2062 plus
1301 1990 1413 2047 tamen

146 2090 255 2149 nocuit
285 2090 377 2149 bonis
407 2090 525 2150 litteris
552 2107 650 2164 quam
673 2093 801 2166 profuit.
833 2093 950 2151 Insunt
972 2107 1051 2151 sane
1075 2090 1320 2151 observationes
1343 2103 1413 2148 acu·

145 2191 303 2267 tissimae,
327 2193 475 2264 egregiae
498 2194 740 2254 emendationes
762 2190 785 2262 ³)
809 2193 991 2268 complures
1014 2194 1134 2268 insunt,
1159 2191 1281 2253 atalia
1311 2190 1413 2250 risum

147 2295 280 2352 movent
311 2293 362 2352 vel
389 2308 545 2353 nauseam
576 2294 754 2369 incutiunt;
788 2295 935 2369 displicet
966 2296 1132 2368 praeterea
1155 2293 1320 2365 malignus
1351 2290 1415 2351 ani·

146 2410 231 2469 mue,
270 2410 332 2467 quo
366 2395 491 2455 Bentlei
526 2396 675 2456 laudibus
707 2397 865 2457 obtrectat
896 2396 1064 2456 Dawesius
1087 2396 1166 2455 dum
1188 2393 1260 2453 eius
1282 2393 1416 2452 invento

147 2497 266 2571 utitur;
296 2512 399 2570 neque
430 2496 499 2556 fleri
521 2499 648 2571 peterat
670 2499 747 2571 quin
770 2499 946 2558 deterreret
968 2498 1117 2557 hemines
1140 2497 1246 2570 ipsum
1274 2496 1415 2570 signum,

146 2614 208 2671 quo
231 2600 367 2657 1011111111
396 2615 493 2659 suum
523 2616 584 2659 ece
610 2616 751 2660 -nam
776 2600 901 2661 Bentlei
932 2600 1096 2674 dipormno
1118 2598 1268 2658 aeolicum
1290 2597 1332 2656 ab
1355 2595 1416 2655 Ho

147 2715 235 2759 mero
270 2700 379 2773 procul
411 2702 593 2761 habendum
629 2718 701 2763 esse
736 2703 814 2763 dicit
840 2737 879 2744 -
904 2701 1220 2776 repraesentaverat;
1256 2697 1418 2758 scribebat

146 2801 269 2860 scilicet
296 2799 411 2879 ,αι’ἀχοι
434 2803 454 2862 1.
476 2819 502 2863 e.
525 2805 705 2881 awrwaxoffl
732 2806 764 2863 et
784 2804 916 2878 similia,
938 2803 1136 2863 contendens
1153 2801 1300 2875 spiritum
1320 2801 1418 2860 111111

147 2903 186 2962 ad
217 2903 248 2962 id
279 2904 385 2977 ipsum
416 2905 587 2965 inventum
618 2921 690 2966 esse
712 2909 748 2966 ut
771 2921 888 2965 sonum
913 2905 1132 2965 uindicaret.
1159 2939 1198 2946 -
1224 2902 1338 2962 Talem
1361 2901 1417 2961 lin·

146 3019 228 3076 guae
263 3004 402 3066 Graecae
433 3006 657 3085 παλιγγενεσίαν
688 3011 880 3081 aspernatus
912 3008 944 3066 in
976 3007 1107 3079 antiquo
1131 3005 1200 3065 luto
1226 3005 1360 3064 haerere
1383 3018 1419 3063 se

148 3106 246 3166 malle
281 3122 364 3166 anno
402 3110 486 3168 1150
520 3110 680 3169 scribebat
715 3109 889 3169 Dorvillius
913 3106 946 3184 l),
978 3124 1037 3168 nec
1060 3107 1193 3167 dubium
1220 3107 1298 3180 quin
1322 3105 1419 3165 multi

147 3209 193 3267 ita
227 3210 455 3284 iudicaverint;
492 3212 524 3270 in
560 3211 672 3271 eadem
710 3213 820 3270 mente
856 3211 958 3271 fuisse
993 3210 1179 3270 Ernestium
1214 3210 1348 3283 apparet
1377 3222 1419 3267 ex

148 3311 286 3371 editione
321 3312 454 3372 Homeri
491 3312 661 3388 Glarkiani,
695 3328 793 3386 quam
824 3328 908 3373 anno
934 3313 1018 3372 1159
1042 3311 1184 3383 curavit;
1211 3309 1283 3368 vide
1307 3310 1418 3368 autem

149 3427 246 3484 [ruam
281 3414 487 3485 superciliose
523 3416 555 3473 et
591 3415 790 3474 truculenter
825 3430 909 3474 nova
943 3413 1062 3488 placita
1097 3412 1218 3472 abnuat
1248 3411 1297 3470 vir
1328 3410 1421 3470 mltis

149 3515 290 3587 alioquin
310 3518 343 3575 et
366 3517 585 3584 modestusb:
610 3515 799 3589 „Noluimus
824 3519 899 3576 ante
922 3516 1081 3588 attingere
1104 3513 1356 3587 disputationem
1380 3511 1419 3572 de

152 3617 369 3690 „digammate
392 3618 532 3692 Aeolico,
557 3633 632 3676 curn
656 3632 703 3693 ea,
728 3633 810 3689 quae
833 3619 871 3678 de
895 3633 933 3677 eo
956 3633 1012 3691 per
1036 3618 1094 3676 hos
1115 3630 1216 3675 annos
1235 3613 1323 3674 diota
1343 3615 1419 3674 sunt

153 3734 191 3792 „a
214 3718 377 3776 Britannis
400 3720 512 3794 doctis
537 3718 682 3793 pluribus
706 3719 786 3779 locis
809 3719 1011 3779 occasionem
1032 3718 1155 3792 darent,
1176 3718 1213 3775 ut
1236 3716 1271 3775 in
1292 3713 1420 3795 προιᾶπ-

185 3985 205 4049 ¹)
223 3989 260 4035 01.
279 3990 367 4046 Heyno
385 3987 456 4033 iliad.
476 3988 521 4034 VII
540 4002 565 4046 p.
586 3989 641 4034 111.

183 4063 204 4129 ²)
221 4069 291 4126 Pope
309 4067 432 4113 Dunciad.
451 4068 484 4112 lv
503 4070 550 4113 211
569 4084 620 4127 sq.:

486 4148 616 4206 „tow‘ring
634 4149 687 4193 o’cr
705 4161 770 4205 your
787 4147 923 4207 Alphebet,
942 4145 992 4193 like
1010 4148 1079 4202 Saul,

438 4227 547 4281 „Stands
565 4241 611 4273 our
630 4227 773 4286 Digamma,
792 4228 841 4273 aud
859 4230 971 4286 o'ertops
988 4228 1057 4273 them
1075 4227 1134 4272 all”.

187 4301 271 4366 3)Ε11.
297 4320 334 4363 gr.
361 4308 439 4362 θυμὸν
464 4307 488 4351 δ’
514 4309 571 4352 lurco
592 4301 742 4359 fdvaurm}
762 4309 818 4367 438,
838 4316 905 4366 στῆτε
928 4301 1120 4366 ἱιλιχθέντοςΛ
1138 4306 1195 4365 581,
1212 4317 1331 4364 quaeque
1348 4316 1420 4364 pm·

152 4388 221 4431 terea
240 4385 271 4430 de
289 4386 374 4431 radice
392 4376 461 4432 felin
479 4386 626 4445 disputavit.

186 4462 207 4526 ⁴)
225 4465 264 4511 Ad
282 4465 409 4511 Chariton.
429 4480 453 4524 p.
473 4468 529 4512 202.

190 4541 211 4605 Ι”)
230 4545 257 4588 lu
276 4543 362 4589 verbis
380 4558 445 4601 quae
463 4546 595 4591 subiunxit
611 4545 768 4591 annotationi
785 4546 881 4592 Clsrlrii
898 4545 931 4591 ad
949 4550 975 4591 Π
993 4546 1039 4592 112
1058 4557 1136 4603 supra
1150 4557 1165 4589 a
1177 4543 1252 4589 nobis
1269 4543 1405 4603 exoriptso.
