3120 5124
761 125 825 187 276
1210 128 1240 199 [5
1265 129 1334 204 105,
1376 130 1439 193 106

154 315 278 391 Nempe
307 315 499 376 transitivae
531 315 702 388 potestatis
732 314 830 388 stirps
854 313 902 391 δα,
923 328 1006 386 quae
1030 313 1064 373 in
1091 312 1251 374 taddeam
1273 317 1434 394 cernitur,

155 417 300 479 excrevit
318 417 351 476 in
371 417 510 477 formam
525 415 757 475 intransitivum
774 414 842 491 15η,
853 414 936 476 uude
953 415 1116 476 ducuntur
1136 415 1278 477 55115155
1293 413 1432 495 idaim,

153 519 332 594 perrectum
366 515 536 593 δε-δάη-κα,
569 516 715 576 futurum
751 513 922 591 δαή-σομαι,
956 516 1059 592 didici,
1092 517 1223 578 51155551.
1255 520 1285 578 A
1316 519 1430 580 medio

155 622 266 681 autem
288 634 405 693 genere
428 618 508 678 haec
530 621 677 691 tempora
698 632 795 677 nemo
818 616 960 692 divellet,
985 618 1039 690 qui
1062 613 1157 695 ἔγνων
1178 615 1292 697 ἔγνωκα
1310 618 1429 698 γνώω

155 744 217 799 μαι,
246 719 319 800 ἔβην
349 716 463 798 βέβηκα
492 717 621 797 βήσομαι
645 721 678 779 51
701 719 822 779 similia
844 721 1096 793 comparaverim
1121 721 1156 780 at
1174 722 1287 780 tamen
1309 735 1425 794 agnoe

154 823 260 884 cimus
287 821 574 882 conformationem
597 836 661 893 qua
691 837 709 881 e
740 821 845 881 radice
880 843 931 900 μιγ
962 821 1086 881 factum
1117 823 1170 882 est
1199 844 1270 901 μιγη
1299 819 1442 902 (ipim.

154 922 325 1003 μιγήσομαι)
356 923 407 983 vel
438 939 455 982 e
486 923 592 982 radice
623 944 686 997 φαν
709 942 793 998 φανη
815 918 953 999 (ἐφάνην,
978 921 1181 999 φανήσομαι);
1206 922 1314 998 itaque
1334 927 1421 984 tran·

154 1026 255 1085 situm
286 1023 326 1084 ad
357 1023 544 1084 recentioris
573 1024 646 1082 aevi
672 1038 797 1083 morem
825 1023 878 1082 hio
908 1025 1060 1097 paratum
1083 1025 1117 1083 et
1138 1025 1270 1085 tantum
1292 1039 1355 1085 non
1378 1024 1419 1083 in·

154 1127 307 1186 rhoetum
335 1125 494 1185 videmus.

198 1322 219 1406 8
243 1325 318 1390 105.
365 1327 495 1388 Aoristo
518 1327 616 1388 medii
639 1328 720 1388 satis
743 1327 927 1400 frequenter
950 1326 1102 1387 tribuitur
1125 1329 1177 1388 vis
1196 1329 1346 1389 reflexiva
1361 1318 1414 1385 vel

152 1430 293 1505 passiva.
314 1428 348 1488 li.
373 1443 402 1502 g.
427 1426 530 1506 ἔβλητο
555 1432 582 1488 Δ
605 1430 669 1490 518
693 1430 722 1501 (ἓ
745 1429 830 1504 258),
850 1425 991 1504 ἀασάμην
1013 1430 1035 1486 i
1058 1429 1119 1488 137
1133 1426 1299 1508 τάἄσθην
1318 1419 1413 1489 1186

153 1531 182 1601 (5
213 1525 311 1600 287¹).
344 1529 432 1604 Quod
455 1531 509 1591 ubi
531 1529 577 1607 iit,
603 1531 747 1590 medium
780 1529 903 1604 passivi
926 1529 1034 1589 locum
1065 1530 1174 1604 explet
1197 1532 1311 1592 tetum.
1333 1529 1416 1590 Hinc

152 1632 308 1706 sequitur,
339 1630 437 1691 verba
467 1631 630 1707 nonnulla,
662 1646 744 1703 quae
770 1631 803 1690 in
826 1630 1041 1704 grammatica
1064 1630 1195 1692 dialecti
1219 1633 1340 1693 Atticae
1357 1628 1419 1689 do·

152 1734 303 1807 ponentis
334 1733 456 1805 passivi
480 1734 587 1793 vocari
611 1733 747 1808 soleant,
773 1733 806 1792 in
834 1731 944 1805 lingua
967 1731 1058 1805 epica
1080 1731 1215 1793 dicenda
1239 1748 1309 1794 esse
1328 1732 1425 1805 depo·

154 1834 264 1894 nentia
287 1831 394 1892 medii.
419 1832 453 1893 Ε.
478 1848 526 1906 g.:

374 1930 509 2009 αἰδέομαι
533 1935 561 2004 (ὅ
586 1935 671 2010 289),
718 1933 911 2016 {primoprimro}
957 1935 1028 1995 sive
1050 1931 1196 2016 ᾐδέσθην.

373 2032 674 2112 1ήο5μ511ῧ2211),
720 2031 886 2112 ἒὶησάμην,
958 2035 1024 2094 Att.
1052 2032 1163 2113 ἥσθην.

373 2130 486 2214 ἅγᾶμαι
509 2136 537 2206 (S
561 2131 660 2210 305¹),
720 2131 929 2213 ἠγα(σ)σάμην,
983 2180 996 2210 ,,
1051 2131 1200 2213 ἠγάσθην.

375 2234 532 2315 5511115516
557 2238 656 2311 305⁴),
721 2231 929 2313 dpaleledppa
984 2281 997 2310 „
1051 2232 1201 2314 ἠράσθην.

198 2436 220 2518 8
243 2438 320 2503 100.
366 2441 551 2501 Admodum
581 2439 733 2499 notabilis
764 2440 814 2498 est
837 2439 981 2514 libertae,
1005 2453 1069 2511 qua
1093 2439 1264 2501 verborum
1289 2456 1418 2516 quorun·

154 2544 229 2603 dam
253 2557 355 2615 genus
378 2543 523 2601 activum
545 2556 619 2601 oum
643 2541 750 2600 medio
772 2541 976 2614 permutatur
1000 2539 1069 2600 sine
1093 2539 1159 2600 ullo
1184 2574 1225 2584 -
1250 2543 1335 2616 quod
1359 2542 1418 2618 qui·

155 2643 229 2702 dem
252 2643 385 2703 indicari
408 2642 512 2716 possit
525 2675 565 2685 -
578 2642 763 2702 discrimine
787 2639 1032 2714 significationis
1052 2642 1085 2711 ¹).
1110 2641 1145 2702 Ε.
1170 2657 1200 2716 g.

200 2739 291 2802 ἀίσσω
316 2746 344 2801 Ε
367 2746 430 2805 657
455 2746 527 2819 eid„
551 2740 689 2819 ἄίσσομαι
715 2745 739 2800 Ζ
764 2744 828 2803 510
853 2744 881 2799 Ε
904 2741 968 2802 854
992 2744 1024 2800 Χ
1047 2743 1108 2802 195
1133 2743 1166 2801 Ω
1186 2744 1229 2804 97
1254 2747 1318 2808 etc.

199 2840 299 2922 ἤλιτον
323 2846 342 2902 l
362 2847 436 2921 375,
460 2842 603 2922 ἠλιτόμην
628 2847 655 2903 Τ
675 2846 738 2905 265
763 2844 794 2900 Ω
819 2844 883 2904 570
908 2845 969 2904 etc.
991 2839 1164 2921 ἀλιτημένος
1188 2845 1206 2904 d
1230 2845 1309 2908 807.

198 2945 340 3023 νεμεσάω,
370 2942 530 3022 ἐνεμέσησα
554 2947 581 3003 Δ
605 2947 679 3020 413,
713 2946 775 3005 507
808 2946 886 3018 515.;
911 2941 1100 3022 νεμεσᾶομαι,
1126 2941 1354 3025 ἕνεμεσησάμην
1377 2947 1426 3011 vel

155 3044 340 3125 ἕνεμεσήθηυ
363 3049 392 3104 ll
418 3048 480 3106 115
503 3048 537 3105 Ν
561 3048 622 3106 119
647 3049 678 3104 ll
702 3047 766 3106 544
791 3049 851 3106 515.

200 3143 252 3206 dte
286 3151 316 3205 A
351 3149 392 3207 59
425 3151 496 3223 etc„
521 3142 630 3223 ὀίομαι,
660 3142 806 3224 ὀισσάμην
839 3147 890 3207 vel
924 3143 1034 3225 ὀίσθην
1065 3151 1094 3206 A
1120 3147 1160 3208 78
1188 3170 1208 3206 α
1233 3149 1301 3210 323
1326 3150 1427 3215 5458

156 3250 216 3308 515.
241 3249 269 3318 (ἓ
293 3248 394 3317 292).

200 3344 279 3424 ὁράω
303 3353 331 3405 A
355 3350 419 3409 350
444 3352 515 3425 etc„
541 3345 666 3425 ὁράομαι
690 3352 720 3406 A
743 3350 784 3409 56
809 3351 869 3411 etc.
894 3350 923 3420 (δ
950 3351 1035 3420 309).

200 3451 236 3508 15
267 3449 376 3524 saltere
410 3451 489 3510 haec
523 3450 667 3510 confusio
699 3451 799 3510 etiam
830 3453 943 3525 postea
973 3451 1102 3525 linguae
1132 3451 1278 3514 Graecae
1302 3457 1430 3532 propria

157 3537 295 3625 mansit}
331 3567 357 3610 e.
382 3566 412 3624 g.
450 3552 538 3611 verbi
573 3547 647 3628 ὁρᾶν
680 3554 714 3612 51
746 3553 829 3626 apud
861 3553 1040 3613 Homerum
1072 3555 1106 3614 et
1138 3556 1254 3628 postea
1278 3557 1429 3621 futurum

156 3651 217 3711 fuit
240 3648 361 3729 ὄψομαι.

201 3753 347 3814 Aliorum
382 3754 551 3814 verborum
586 3756 729 3815 activum
757 3760 791 3816 et
821 3757 966 3817 medium
996 3760 1146 3819 accurate
1170 3757 1429 3841 distinguuntur,

157 3869 184 3913 e.
208 3868 237 3926 g.
273 3852 383 3932 ἀμείβω
418 3858 480 3916 act.
510 3860 701 3931 permittere,
731 3859 814 3917 med.
846 3859 981 3933 excipere
988 3877 999 3928 ;
1030 3855 1135 3935 ἀμύνω
1159 3864 1222 3921 act.
1255 3863 1429 3943 defendere,

157 3953 240 4013 med.
264 3970 294 4013 ee
317 3955 492 4030 defendam
513 3958 573 4016 λύω
597 3960 817 4034 5515555555,
841 3960 924 4020 med.
949 3961 1109 4020 redimere.

191 4184 209 4250 ¹)
227 4189 293 4247 Apte
319 4190 407 4236 Monro
432 4191 506 4237 Hom.
533 4187 657 4238 Gramm'
675 4192 722 4252 §8
747 4206 804 4239 curn
822 4195 958 4241 Homerico
976 4197 1107 4255 dindima
1127 4196 1229 4244 eonfort
1249 4199 1384 4250 Gallicum
1400 4199 1430 4263 je

156 4266 226 4314 doute
242 4271 268 4314 et
283 4265 309 4322 ie
325 4283 361 4314 me
377 4267 454 4316 deute.
