3120 5124
144 425 215 496 138]
721 424 781 482 121

143 608 174 669 ia
198 609 305 672 ductae
339 613 434 672 sunt:
466 608 617 671 πελεκυᾶω
649 606 793 669 πελέκυον
824 604 1023 686 laustinus:
1048 608 1148 669 -afoim
1171 610 1264 669 -alov
1288 610 1380 670 -κδαε

141 709 210 770 ota
229 733 315 770 -κκον
339 735 419 772 aaa.

169 813 199 872 ln
228 815 264 871 M
300 814 364 874 208
395 830 452 889 pro
483 813 566 873 binis
597 813 715 873 litteris
746 813 929 873 habendum
961 814 1049 874 esset
1080 835 1114 890 φ,
1136 813 1164 872 si
1188 827 1269 873 sana
1293 815 1381 873 esset

140 913 244 988 uulgata
277 913 380 974 αἰόλον
413 907 487 990 ὅφιν
518 911 623 991 (inpia
654 916 732 974 sunt
762 916 816 987 qui
839 915 1005 989 scribunt),
1029 915 1086 974 sed
1114 915 1231 974 vitium
1254 914 1382 988 aliquod

139 1014 168 1074 ili
182 1015 264 1092 latet,
284 1017 378 1077 euius
393 1017 516 1077 ineerta
536 1018 587 1076 est
607 1016 761 1076 eorrectio
777 1016 806 1085 ¹).
826 1016 987 1076 Hesiodus
1008 1016 1107 1076 simili
1121 1016 1251 1077 licentia
1263 1007 1381 1092 σκΰφοο

139 1117 272 1193 (σκύπφον)
289 1119 413 1180 dixisse
431 1119 535 1180 sertin
553 1119 591 1180 fr.
608 1120 669 1179 193
683 1133 731 1191 sq.
751 1119 872 1192 Aperte
893 1120 1005 1179 autem
1025 1133 1131 1179 erroro
1152 1118 1186 1177 in
1203 1118 1280 1177 Hes.
1294 1118 1381 1178 Scut.

139 1219 295 1282 364=461
321 1219 431 1292 σάκκος
453 1235 510 1295 pro
539 1218 628 1291 σάκος
651 1220 785 1294 legitur3
811 1220 992 1295 recipienda
1016 1223 1067 1281 est
1089 1221 1155 1281 illic
1174 1219 1196 1280 1.
1214 1235 1243 1279 a.
1265 1217 1380 1297 σαρκός.

167 1423 196 1483 ln
215 1424 386 1485 verborum
404 1422 552 1498 flexione,
577 1423 770 1497 praesertim
793 1423 826 1481 in
847 1423 1101 1484 conformatione
1124 1423 1292 1483 nominum
1315 1437 1382 1481 vor·

138 1522 243 1600 balium,
277 1527 356 1589 anta
387 1521 532 1584 litteram
569 1546 590 1600 μ
623 1525 735 1583 mutae
767 1521 937 1602 δτθκχ
972 1525 1057 1584 haud
1088 1539 1159 1584 raro
1187 1524 1382 1584 immutatae

141 1627 323 1706 manserunt;
349 1626 430 1687 vili:

167 1725 278 1804 Κάδμος
296 1724 409 1805 ἀρδμός
428 1725 539 1803 πότμος
559 1724 696 1806 μναθμός
716 1722 866 1803 ἓλκηθμός
886 1725 1018 1803 κευθμός
1038 1726 1193 1804 κλαυθμός
1210 1723 1383 1804 κνυζηθμοῖς

139 1827 262 1906 μηνοθμδς
295 1825 448 1908 ὀρχηθμός
474 1827 612 1909 πορθμός
636 1827 768 1905 σταθμός
792 1824 980 1906 ἕύσκαρθμος
1003 1828 1235 1907 αολύσκαρθμος
1259 1825 1382 1907 βρεχμός

139 1926 219 2006 δορμός
242 1927 385 2008 (δόχμιος)
407 1929 515 2009 ἰωχμός
539 1928 653 2009 μυχμός
675 1928 804 2007 πλοχμός
827 1927 942 2008 ῥωχμός
967 1927 1136 2008 σονεοχμός.

168 2026 288 2109 ἔκρους
312 2028 455 2109 &teutla-

170 2131 294 2209 πυθμήν·
349 2144 353 2151 ’

169 2232 304 2312 φράδμων
329 2231 558 2312 (σομφράδμοον)
581 2231 724 2309 κευθμών
746 2227 850 2308 δὶκμοον
873 2228 1068 2309 (ἀκμόθετος).

171 2329 288 2412 ἐρετμόν.

174 2430 249 2510 θοάς

172 2528 236 2612 ὀδμή
258 2532 357 2615 ἀυτμή
380 2534 491 2613 ἐφετμή
514 2534 636 2613 εἰσίθμη
659 2535 777 2614 στάθμη
801 2533 880 2614 ἀκμή
904 2535 994 2614 αἰχμή
1016 2536 1116 2615 λοχμή.

173 2631 391 2716 ἇποσαυδμαίνοο
410 2635 570 2717 ἕριδμαίνοο
590 2635 712 2716 ἆρθμέω
732 2634 884 2716 (ἄρθμιος)
909 2635 1067 2715 &copulae
1087 2638 1200 2715 λικμάω
1221 2637 1384 2717 (λικμητήρ)

174 2831 248 2918 οἶδμα
270 2845 377 2919 λαῖτμα
400 2835 504 2920 ἆσθμα
526 2841 603 2920 ἴθμα
627 2839 707 2920 ἔχμα.

174 2936 279 3023 τέκμωρ.

175 3040 380 3122 κεκορυθμένος
406 3043 523 3122 ἴκμενος
547 3040 719 3121 δκαχμὲνος.

175 3141 267 3220 liupo
288 3144 431 3223 stupeum
453 3142 573 3223 ἔδμεναι
597 3142 775 3222 εἶ’λήλυθμεν
800 3143 973 3221 ἕπὲποθμεν.

176 3242 338 3308 Nonnullae
366 3262 408 3307 ex
430 3247 519 3308 hisee
542 3247 674 3308 vocibus
697 3248 797 3307 etiam
821 3249 854 3307 in
876 3248 986 3307 Attica
1008 3247 1145 3309 dialecto
1170 3251 1381 3325 reperiuntur,

147 3354 166 3399 θ·
182 3359 204 3418 g.
222 3344 299 3426 ἀκμή
325 3350 358 3409 et
382 3346 481 3426 αἰχμή.
1319 3411 1322 3416 .

176 3445 340 3523 separatim
363 3451 648 3511 commemoranda
670 3452 747 3510 sunt
771 3452 878 3526 verba,
900 3467 917 3512 o
937 3452 1053 3525 quibus
1074 3455 1208 3514 extrusa
1226 3457 1277 3516 est
1294 3470 1383 3514 vooa·

147 3541 187 3607 lit:
203 3549 345 3631 δέδμρμαι
367 3550 498 3630 μεσόδμη
521 3551 621 3632 τμήμοο
644 3549 776 3630 stuppae
799 3555 860 3613 etc.
872 3573 880 3628 ;
905 3554 944 3615 cf.
969 3555 987 3624 ἓ
1016 3555 1065 3614 12.

176 3742 257 3828 338.
288 3755 413 3816 littera
435 3756 561 3830 spirans
583 3756 615 3829 δ,
644 3771 742 3829 quam
766 3756 928 3830 praecedit
948 3756 1078 3832 liquida,
1103 3758 1177 3818 huio
1199 3760 1386 3820 assimulari

146 3849 196 3912 sive
229 3858 266 3918 ab
301 3873 340 3918 ea
378 3858 499 3917 hauriri
538 3857 630 3918 solet.
666 3857 754 3918 Duae
790 3860 902 3918 autem
937 3874 1095 3920 consonae
1132 3863 1305 3934 postquam
1338 3862 1385 3921 ita

145 3948 169 4010 in
197 3971 285 4020 unam
328 3959 562 4035 confluxerunt,
609 3974 674 4019 non
719 3959 900 4018 amiserunt
939 3962 1145 4038 potestatem,
1189 3978 1253 4035 qua
1291 3964 1387 4023 antea

145 4049 312 4137 tuebantur,
343 4061 476 4121 brevem
506 4077 588 4134 quae
611 4061 774 4135 praecedit
804 4061 966 4134 syllabam
989 4064 1192 4137 producendi.
1219 4065 1280 4124 Sed
1305 4065 1384 4124 anti-

145 4156 274 4224 luissima
302 4163 427 4223 ratione
458 4163 617 4223 scribendi
648 4163 832 4223 huiusmodi
859 4165 1025 4237 productio
1048 4166 1150 4226 oculis
1173 4167 1298 4227 ostendi
1321 4182 1384 4227 non

144 4257 252 4326 l0tarat.
281 4265 404 4339 Nempe
435 4264 467 4323 in
496 4264 606 4338 lingua
637 4265 758 4325 Graeca
782 4268 819 4325 ut
844 4265 1003 4327 indicetur
1025 4269 1157 4328 brevem
1182 4270 1327 4330 vocalem
1352 4270 1385 4329 in

144 4352 249 4432 101lgam
280 4366 441 4440 syllabam
472 4368 665 4442 excrevisse,
698 4370 755 4427 aut
784 4370 968 4442 geminatur
1003 4385 1141 4443 sequens
1167 4385 1307 4431 consona
1330 4373 1387 4430 aut

149 4506 335 4526 κ-

170 4585 187 4652 ι)
200 4593 248 4643 Via
263 4611 309 4645 van
328 4599 456 4646 Leanwen
473 4601 595 4647 Mnemos.
616 4604 680 4649 1890
698 4616 723 4663 p.
743 4604 791 4649 296
810 4616 848 4661 sq.
