3120 5124
755 421 798 481 30
1340 422 1369 491 [ἓ
1394 424 1413 482 6

149 614 282 689 ,ciendi
306 615 432 672 etcum
454 610 526 670 aliis
546 609 666 669 similis
685 609 922 670 inconstantiae
942 610 1101 685 exemplis
1120 611 1206 671 haud
1225 612 1416 670 cunctanter

148 714 391 790 ,abolendam”.
416 711 521 770 Edidit
544 711 642 784 igitur
664 719 765 788 ψᾶρας
788 713 822 770 et
843 719 960 788 ψαρῶν.

188 817 233 876 At
262 815 290 875 si
313 829 417 887 neque
440 813 591 874 audiendi
614 814 692 872 sunt
715 813 770 885 qui
794 814 973 886 exquisitas
996 814 1153 886 quasdam
1178 813 1328 874 dictionis
1352 812 1414 872 Ho

146 918 285 979 mericae
316 930 451 976 veneres
482 915 534 975 hic
557 914 698 989 conspici
722 914 784 973 sibi
807 917 1048 990 persuaserunt,
1073 929 1176 988 neque
1200 915 1271 989 lege
1294 914 1415 989 aliqua,

144 1034 227 1093 quae
261 1019 301 1078 ad
332 1018 434 1092 ipsius
468 1017 597 1090 linguae
631 1015 772 1077 indolem
805 1017 916 1077 referri
950 1018 1063 1091 possit,
1099 1018 1300 1091 temperatur
1336 1017 1416 1077 haec

141 1120 369 1195 inconstantia,
405 1120 554 1194 superest
584 1133 698 1192 rogare
729 1119 891 1180 undenam
924 1119 969 1179 sit
1000 1122 1080 1180 orta.
1114 1120 1220 1180 Acuta
1251 1118 1284 1177 et
1315 1131 1416 1191 quam

143 1223 288 1283 maxime
324 1222 386 1281 huc
420 1221 585 1297 pertinens
619 1223 670 1281 est
704 1222 887 1282 observatio
919 1222 1029 1298 Fickii,
1062 1222 1114 1283 cui
1145 1235 1242 1282 suum
1272 1220 1416 1293 pretium

145 1324 306 1385 constabit
328 1322 459 1381 etiamsi
481 1322 589 1397 ipsum
613 1323 779 1382 auctorem
800 1324 909 1383 minus
930 1324 1018 1383 recte
1042 1338 1080 1383 ea
1104 1338 1201 1383 usum
1224 1337 1297 1382 esse
1322 1336 1415 1396 appa-

144 1427 224 1487 reat.
249 1424 372 1498 Nempe
395 1422 502 1482 docuit
527 1422 603 1483 Fick
627 1423 761 1497 longum
785 1423 882 1499 alpha
905 1424 949 1484 ibi
972 1424 1181 1498 potissimum
1205 1423 1337 1497 reperiri
1360 1422 1414 1482 ubi

144 1528 235 1588 salvo
260 1527 363 1586 metro
387 1539 450 1584 non
473 1525 577 1597 possit
600 1525 755 1586 substitui
778 1526 882 1586 forma
906 1541 970 1598 qua
993 1526 1150 1586 dialectos
1173 1525 1282 1585 Ionica
1305 1525 1414 1585 uteba·

144 1631 207 1690 tur.
240 1627 310 1687 Non
341 1625 429 1685 enim
461 1626 645 1686 hexametri
667 1643 821 1688 numeros
843 1628 962 1688 sivisse
985 1643 1041 1702 pro
1064 1640 1115 1686 -ᾱο
1141 1626 1193 1686 vel
1216 1617 1294 1685 -o'eov
1318 1626 1415 1687 scribi

144 1751 196 1789 -εω
220 1731 253 1789 et
275 1725 357 1803 -έων,
378 1742 482 1799 neque
507 1724 617 1805 Αἰνέης
637 1730 671 1789 et
693 1727 765 1799 λεώς
788 1744 844 1804 pro
869 1728 990 1801 Αἰνείᾱς
1013 1731 1047 1789 et
1066 1727 1153 1804 λᾱός;
1175 1728 1230 1788 ubi
1253 1743 1330 1788 vero
1350 1742 1414 1787 non

144 1831 309 1892 obstarent
333 1843 487 1888 versuum
511 1830 648 1903 numeri,
671 1830 840 1904 irrepsisse
864 1831 986 1892 formas
1005 1832 1210 1904 recentiores,
1234 1845 1262 1890 e.
1275 1845 1306 1902 g.
1329 1830 1415 1902 geni·

145 1935 252 1994 tivum
283 1929 462 2008 Πηληιάδεω
497 1933 624 2008 Ἀχιλῆος
653 1946 709 2005 pro
742 1927 950 2009 Πηληιαδᾰω)
980 1934 1015 1993 in
1045 1934 1148 2007 primo
1172 1931 1283 1991 Iliadis
1307 1946 1414 1991 versu.

147 2036 230 2094 Hinc
260 2033 360 2093 etiam
392 2012 533 2107 simplex
563 2025 622 2091 θεὰ
653 2034 850 2095 remansisse
881 2035 1051 2109 intactum,
1083 2036 1235 2109 quoniam
1266 2033 1413 2093 Ionicum

147 2151 210 2196 non
238 2132 296 2210 θεή
328 2136 398 2194 erat
428 2129 526 2211 aedil
556 2132 639 2210 θεός,
666 2135 697 2194 in
726 2137 914 2210 compositis
937 2138 1049 2198 tamen
1072 2135 1205 2211 reperiri
1227 2131 1308 2211 abin.
1332 2134 1415 2194 Hinc

145 2229 331 2314 πολυπὰμων
362 2236 559 2296 adiectivum
589 2250 653 2296 non
684 2252 756 2296 esse
788 2239 963 2314 mutatum,
994 2238 1102 2298 Ionice
1125 2238 1212 2298 enim
1236 2252 1299 2297 non
1324 2239 1416 2296 aolo-

146 2339 254 2419 πήμων
289 2340 390 2400 luisse
425 2338 629 2398 scribendum
665 2339 720 2398 sed
756 2337 953 2417 πολυκτήμων
979 2342 1011 2415 ¹),
1047 2355 1145 2412 quam
1181 2339 1321 2399 formam
1351 2353 1415 2398 non

147 2442 342 2502 admittebat
364 2440 565 2500 hexameter.

191 2544 260 2603 Hoc
290 2544 492 2617 argumento,
524 2541 607 2613 quod
633 2541 842 2615 simplicitate
866 2543 1086 2603 commendari
1115 2543 1221 2615 quivis
1245 2542 1344 2619 videt,
1369 2541 1415 2601 ita

146 2660 226 2705 usus
259 2647 310 2704 est
344 2643 473 2704 Fickius
507 2644 544 2702 ut
579 2643 719 2703 Homero
753 2644 846 2704 unice
879 2645 1057 2704 vindicaret
1087 2643 1233 2704 vocalem
1265 2656 1300 2718 ᾱ;
1332 2644 1415 2703 hanc

145 2747 249 2819 quoad
281 2744 349 2805 fieri
378 2746 503 2818 poterat
536 2746 697 2804 mutatam
723 2760 795 2804 esse
818 2745 851 2805 in
874 2768 893 2822 η
917 2761 937 2805 a
959 2746 1063 2820 poetis
1086 2745 1213 2819 Ionicis
1238 2744 1290 2806 vel
1314 2745 1415 2806 etiam

146 2849 185 2907 ab
209 2861 272 2908 uno
296 2846 403 2918 aliquo
425 2847 530 2922 poeta,
555 2861 652 2918 quem
677 2845 878 2918 cynaetnum
906 2845 1021 2906 Chium
1040 2847 1141 2907 fuisse
1161 2846 1223 2907 sibi
1242 2845 1415 2921 persuasit,

146 2950 200 3023 qui
234 2949 379 3009 carmina
413 2950 512 3024 epica,
549 2949 685 3008 Aeolum
719 2949 854 3009 dialecto
883 2949 1071 3023 composita,
1101 2949 1134 3008 in
1161 2947 1306 3021 linguam
1335 2948 1415 3008 Ioni·

145 3066 218 3112 cam
253 3051 329 3111 data
360 3066 456 3125 opera
490 3051 694 3124 converterit,
729 3051 851 3111 multos
882 3051 982 3110 simul
1014 3065 1116 3110 novos
1147 3065 1262 3110 versus
1294 3051 1333 3110 de
1357 3065 1416 3109 suo

144 3153 274 3212 addens.
298 3151 343 3210 At
366 3153 539 3225 quominus
562 3152 592 3212 ei
612 3152 827 3212 concedamus
848 3153 993 3213 omniurn
1016 3151 1242 3211 firmissimum
1263 3151 1324 3212 hoc
1343 3165 1416 3213 esse

145 3255 374 3328 argumentum
394 3254 437 3313 ad
450 3252 617 3314 Aeolicam
636 3253 820 3313 carminum
840 3254 1003 3327 epicorum
1026 3252 1183 3326 originem
1196 3252 1416 3313 demonstran·

144 3356 220 3415 dam
244 3350 277 3429 ²),
306 3355 388 3415 duae
411 3355 619 3428 potissimum
644 3354 775 3415 obstant
799 3371 926 3416 causae.
956 3355 1098 3430 Quarum
1123 3354 1227 3413 altera
1250 3354 1331 3414 haec
1355 3356 1416 3427 est,

144 3457 228 3531 quod
252 3470 270 3514 ᾱ
293 3457 451 3516 remansit
474 3457 558 3516 haud
591 3457 637 3516 ita
663 3457 775 3530 paucis
797 3457 877 3517 locis
902 3456 985 3516 unde
1009 3472 1065 3530 per
1089 3455 1231 3515 metrum
1255 3455 1416 3515 removeri

144 3559 271 3634 licebat,
301 3559 393 3618 utin
417 3559 586 3618 decantato
614 3557 670 3618 illo
693 3567 803 3636 ψᾱρῶν
827 3559 878 3619 vel
901 3560 935 3618 in
960 3574 1036 3618 voce
1060 3556 1130 3627 λᾱός
1155 3559 1188 3617 et
1211 3557 1416 3617 creberrimis

145 3662 215 3722 eius
238 3660 443 3735 compositis;
468 3675 545 3720 nam
565 3662 679 3734 poetas
699 3660 824 3721 Ionicos
845 3660 1055 3735 Hipponactis
1076 3661 1163 3720 certe
1183 3661 1302 3735 aetate,
1323 3660 1417 3720 sexto

143 3764 242 3836 igitur
264 3762 404 3837 saeculo,
429 3758 499 3838 ληός
523 3761 646 3821 dixisse
670 3761 825 3821 traditum
846 3762 1032 3836 accepimus
1048 3759 1080 3830 ³).
1107 3761 1194 3836 Quod
1216 3777 1291 3823 vero
1312 3762 1417 3822 multo

183 3957 201 4023 ¹)
219 3961 313 4007 Notata
333 3964 417 4006 tamen
437 3959 542 4018 dignum
566 3964 606 4006 eet
623 3960 740 4006 Solonem
761 3963 830 4006 certe
848 3960 959 4007 radicem
979 3970 1023 4007 πᾶ·
1041 3974 1056 4007 a
1076 3973 1122 4006 sua
1140 3961 1228 4019 lingna
1244 3972 1294 4005 non
1313 3957 1417 4005 duriam

146 4041 255 4087 alienam
274 4041 304 4087 ir.
324 4043 363 4094 13,
381 4040 408 4086 i:

436 4121 546 4180 χρήματα
563 4118 586 4162 d‘
607 4122 686 4181 incipe)
703 4120 745 4175 pte
762 4120 831 4178 Ιχειν.
850 4119 934 4172 ἀδίκως
952 4120 977 4164 ol
994 4124 1118 4165 πεπᾶσθαι

519 4200 561 4244 οὐκ
578 4199 659 4243 tds'ior'
677 4201 770 4244 adnot
788 4200 883 4261 Uorapor
902 4194 959 4257 ἦλθε
977 4199 1035 4258 δίκη.

180 4272 201 4340 9)
220 4278 287 4333 ,Das
306 4276 381 4336 lange
395 4295 417 4328 α,
432 4274 517 4322 dieses
532 4276 657 4323 sicherste
671 4277 844 4323 lrennzeiohen
859 4277 1061 4324 nichtionischen
1076 4291 1219 4337 ursprnngs
1233 4277 1279 4324 der
1294 4277 1415 4338 apisehen

147 4357 279 4416 „sprache,
297 4356 342 4402 hat
358 4355 414 4402 sich
431 4355 496 4401 auch
510 4355 660 4402 ausaerhalb
675 4356 720 4402 der
735 4356 912 4402 batrachteten
926 4356 1132 4403 flexionslormen
1146 4357 1188 4403 bei
1203 4358 1299 4405 Homer
1316 4356 1415 4405 obenll

149 4434 196 4489 „de
214 4435 338 4492 erhalten,
355 4448 393 4481 wo
411 4434 467 4480 sich
485 4435 541 4481 eine
560 4436 764 4494 antaprechende
782 4435 896 4482 ionische
914 4436 979 4482 form
1001 4437 1049 4482 mit
1066 4455 1079 4496 η
1101 4436 1173 4483 nicht
1190 4436 1265 4483 daliir
1285 4439 1415 4484 einsetsen

148 4511 248 4569 „lieas”.
267 4514 356 4573 Odysa.
374 4527 399 4573 p.
419 4514 463 4569 le;
481 4513 531 4560 vid.
550 4515 627 4560 etiam
645 4514 707 4560 ibid.
726 4529 751 4574 p.
770 4515 793 4560 3.

181 4589 200 4648 ³)
219 4592 273 4639 vid.
291 4606 369 4653 auprn
387 4607 411 4651 p.
430 4593 470 4639 ai.
