3120 5124
137 391 157 460 ἓ
184 392 240 462 39]
752 397 814 456 129

138 579 272 653 prodest
303 595 379 640 cum
411 579 519 641 licinio
538 575 716 657 Ὀλλύμποιο
740 583 879 643 scribere
903 597 959 656 pro
986 582 1160 659 Οὐλύμποιο
1185 585 1312 658 aliaque
1336 587 1416 645 eius·

141 681 239 758 modi,
283 696 384 740 causo
424 683 511 742 enim
554 684 771 757 productionis
806 687 852 745 ita
893 686 993 745 nihilo
1028 687 1133 758 magis
1168 687 1336 760 perspicua
1369 687 1415 747 lit.

142 782 230 857 Quod
254 786 337 848 scire
358 788 506 865 cupimus
527 787 586 846 hoc
606 788 666 861 est,
687 787 812 860 syllaba
831 787 927 860 longa
946 788 1062 846 talium
1084 803 1200 847 voc-um
1221 790 1416 849 debeatume

141 888 342 959 productioni
371 888 587 965 suppletoriae
618 903 728 948 necne.
763 888 795 948 Si
826 889 873 947 ita
897 891 957 965 est,
983 890 1060 948 nihil
1084 891 1256 963 quicquam
1281 891 1417 949 interest

143 991 251 1049 utrum
283 992 413 1052 Aeolice
445 987 508 1049 ‹itt-
539 989 721 1049 scribamus
751 1004 791 1049 an
816 990 922 1051 ionice
947 988 1014 1050 odi·
1042 992 1125 1064 quod
1149 992 1303 1050 traditum
1329 1007 1415 1052 occe·

144 1090 265 1166 pimus;
297 1094 347 1153 sin
379 1096 495 1154 natura
525 1092 634 1151 brevis
657 1093 719 1166 est,
743 1094 859 1152 neutra
883 1094 1042 1153 scribendi
1066 1094 1149 1153 ratio
1173 1093 1298 1167 probari
1322 1093 1415 1152 debet

148 1193 199 1253 sed
216 1187 376 1271 Ὀλύμποιο
398 1196 459 1255 erit
483 1193 698 1268 scribendum,
724 1195 757 1252 et
780 1194 1018 1254 concedendum
1042 1195 1140 1266 igitur
1161 1195 1222 1253 erit
1243 1194 1301 1252 hoc
1325 1209 1414 1253 voca·

150 1294 251 1355 bulum
286 1312 452 1372 paucaque
487 1295 560 1370 alia,
592 1309 674 1367 quae
706 1295 776 1354 eius
808 1296 885 1354 sunt
916 1296 1047 1370 similia,
1080 1310 1258 1368 repugnare
1291 1296 1415 1369 legibus

154 1399 284 1459 metricis
306 1415 389 1473 quas
412 1400 445 1458 in
469 1399 538 1458 arte
562 1397 652 1470 spica
676 1397 758 1455 alias
781 1411 915 1468 regnare
943 1396 1101 1456 videmus.

190 1499 222 1558 ln
255 1500 387 1561 Aeolica
419 1500 509 1575 poesi
543 1497 715 1558 cuiuslibet
749 1497 894 1571 syllabae
933 1497 1043 1557 brevis
1078 1499 1318 1571 productionem
1355 1499 1415 1557 sub

159 1599 211 1660 ictu
237 1602 360 1663 licitam
392 1602 494 1662 fuisse
525 1616 543 1661 e
574 1599 741 1660 Theocrito
765 1600 1025 1658 demonstratum
1050 1600 1110 1658 ivit
1137 1599 1223 1658 Fick.
1251 1600 1415 1674 Quaeres

162 1700 208 1759 nisi
235 1702 326 1764 isllor
357 1704 467 1763 minus
498 1701 634 1761 feliciter
666 1701 695 1759 ei
727 1700 826 1759 cessit
850 1701 889 1774 1);
915 1701 972 1759 sed
1003 1700 1054 1759 fac
1078 1700 1117 1760 de
1141 1701 1302 1762 Theocriti
1326 1703 1414 1775 poesi

164 1816 220 1862 eurn
239 1805 375 1865 evicisse
399 1806 482 1879 quod
507 1803 626 1863 voluit:
651 1803 727 1875 quid
752 1803 923 1875 sequitur?
953 1802 1013 1861 hoc
1045 1818 1146 1861 unum
1171 1804 1290 1878 opinor,
1316 1804 1413 1863 Theo·

167 1903 256 1964 critmn
286 1920 350 1966 non
381 1906 463 1967 bene
494 1906 680 1980 perspectas
708 1903 860 1963 hahuisse
884 1904 1026 1963 rationes
1050 1905 1213 1979 metricae,
1238 1920 1320 1978 quas
1344 1905 1413 1965 sive

168 2004 341 2076 opturatos
372 2008 443 2068 sive
473 2009 623 2067 cantores
654 2005 760 2065 Lesbii
792 2006 980 2065 recentioris
1011 2007 1084 2066 aevi
1116 2006 1147 2065 in
1172 2006 1241 2064 suis
1266 2007 1412 2065 carmini-

169 2103 211 2165 bus
237 2109 470 2185 edhibuissent;
507 2109 607 2168 etiam
643 2107 733 2167 vitiis
764 2109 876 2167 autem
907 2110 1020 2167 textus
1051 2108 1171 2183 traditi,
1204 2107 1312 2179 qualia
1336 2112 1413 2168 sunt

170 2196 220 2279 ton
244 2212 281 2269 M
304 2212 380 2288 208,
404 2202 478 2271 ὁδόν
504 2232 520 2288 ρ
549 2211 622 2285 196,
647 2199 751 2285 μέλανι
774 2207 806 2267 11
832 2210 883 2284 79,
907 2212 1054 2283 posteros
1077 2209 1228 2282 deceptos
1248 2224 1323 2295 lesse
1348 2225 1410 2268 cre-

172 2304 239 2371 dibile
258 2315 316 2374 est.

200 2506 280 2590 539.
313 2518 351 2578 In
383 2516 602 2591 compluribus
629 2513 783 2587 stirpibus
806 2513 952 2572 litteram
975 2534 992 2588 ρ
1015 2513 1138 2573 vocalis
1160 2513 1269 2573 brevis
1293 2517 1323 2582 (d
1346 2512 1408 2587 ple·

172 2623 282 2689 unque)
314 2619 412 2680 modo
447 2619 593 2692 sequitur
627 2616 722 2704 modo
752 2615 931 2690 praecedit;
964 2630 1046 2688 quae
1081 2615 1231 2688 loquendi
1263 2617 1406 2674 varietas

171 2717 303 2781 neubon
339 2721 447 2782 vocari
481 2719 574 2795 solet,
605 2718 662 2778 sed
693 2717 814 2778 rectius
845 2733 886 2777 ex
918 2717 1024 2777 indole
1053 2716 1192 2790 liquidae
1217 2717 1408 2793 explicatur,

171 2812 226 2887 iti
246 2822 291 2882 12.
316 2822 489 2898 vocabula,
514 2836 596 2896 quae
619 2821 682 2879 huc
705 2820 876 2895 pertinent,
902 2821 996 2879 sunt:

231 2918 344 3001 ἇρὸμός,
366 2921 522 3001 νεοαρδής,
543 2938 563 2982 a
586 2922 683 2982 verbo
706 2918 799 2999 ῥαίνω
823 2918 902 2998 (pud)
926 2921 944 2989 5
970 2921 1043 2980 22].

229 3023 335 3102 βρᾶδύς
359 3041 435 3087 011111
458 3024 655 3098 superlativo
679 3020 836 3101 βάρδισκος
860 3024 878 3092 5
908 3022 960 3082 87.

229 3121 353 3205 ἔδρᾶθον
375 3141 451 3186 cum
475 3124 637 3200 praesenti
660 3128 736 3194 (non
759 3123 942 3192 Homerico)
968 3112 1111 3201 daptbus
1135 3123 1153 3191 ἓ
1180 3124 1252 3183 149.

230 3224 338 3305 ορᾶτός,
361 3227 424 3287 adi.
448 3225 578 3286 verbale
601 3224 691 3285 verbi
715 3221 798 3303 δέρω.

229 3324 359 3408 ἔδρᾶκον,
381 3343 402 3389 a
425 3328 522 3390 verbo
547 3323 688 3405 δέρκομαι
710 3326 728 3396 5
752 3327 826 3387 226.

228 3427 290 3508 ῥέζω
313 3435 358 3503 (=
369 3426 494 3509 Ῐρὲῃω)
519 3464 560 3472 -
584 3425 694 3505 ἔέρδω,
715 3423 826 3507 ἔέργον
850 3427 867 3497 5
892 3427 966 3486 224.

228 3530 379 3612 πολυὲρήν
401 3564 445 3574 -
468 3530 647 3608 nollfapva,
669 3527 783 3610 ,Ραρνός
808 3531 868 3590 ete.
892 3529 910 3597 5
936 3527 987 3588 79.

205 3693 207 3696 ,
226 3632 343 3714 θράσος,
363 3632 482 3712 θρασύς
504 3665 548 3674 -
571 3630 696 3710 θάρσος,
718 3627 848 3710 deputo),
872 3629 1021 3707 Θερσίτης,
1045 3625 1223 3707 Ἀλιθέρσης,
1251 3635 1405 3709 πολυθαρ-

266 3735 329 3814 σής,
352 3733 606 3813 Πολυθερσεΐδης.

227 3836 327 3916 κρᾶδίη
351 3871 386 3880 -
417 3836 526 3915 καρδίη
550 3836 568 3907 5
593 3837 642 3897 70.

227 3937 336 4015 κράτος,
368 3925 507 4017 κροῆκερος
530 3971 573 3980 -
597 3936 713 4015 κάρτος,
742 3935 891 4015 κάρτερος,
921 3951 996 3996 011111
1029 3934 1227 4009 superlativo
1253 3934 1404 4013 κάρτιστος

264 4040 282 4110 5
304 4040 358 4100 87.

227 4139 318 4218 κρίκος
342 4142 479 4213 (anulus)
502 4174 546 4183 -
569 4141 670 4220 κίρκος
695 4143 868 4218 (accipiter).

228 4238 322 4321 oceo,
344 4242 437 4324 κροκή
465 4244 619 4315 (Hesiod.)
644 4277 686 4285 —
710 4243 815 4322 κερκίς.

230 4339 365 4424 leodidico,
387 4362 407 4406 a
429 4347 526 4408 verbo
548 4343 652 4424 πέρθω
676 4346 694 4416 5
718 4347 793 4408 211.

167 4482 349 4506 ’Ἀ

190 4563 204 4625 ¹]
217 4572 247 4620 Gt
264 4577 366 4628 Schulzs
383 4581 486 4637 Qucest.
504 4580 576 4640 Epic.
596 4592 621 4639 p.
640 4580 654 4626 ὅ
672 4593 728 4639 sqq.
