3120 5124
141 443 238 515 144]
724 440 787 500 357

206 627 345 702 εὖνάζω
420 625 625 705 -εὖνηθῆναι,
647 623 796 704 εὐνηθείς.

204 729 391 810 γουνάζομαι
416 727 609 808 -γουννίομωι
647 731 738 798 (mss
783 742 952 802 perperam
985 735 1170 807 γοννοῦμαι;
1205 729 1267 790 rid.
1304 730 1394 789 varia

252 833 350 894 lectio
373 853 392 891 κ
417 833 492 908 521,
519 832 553 892 et
576 831 615 892 ci.
640 828 660 907 ξ
688 831 772 900 191).
1191 836 1194 841 ’

207 933 381 1010 leucosia
423 929 605 1009 -ίειλῦφνίω
627 931 647 1009 ξ
671 934 745 994 265.

209 1032 351 1116 ἆγωπᾶζω
423 1031 584 1115 -ἆγωωάω,

207 1136 321 1210 facta
420 1135 617 1197 -ίισά-σνετο
642 1136 674 1195 Ω
697 1137 773 1198 607.

210 1234 308 1312 ὀπάζω
421 1230 559 1300 -ονιω1ων,

209 1339 335 1419 utputo
417 1338 563 1420 -ωειρωίω,
587 1340 670 1401 Hinc
693 1356 815 1401 novum
838 1340 966 1400 ducitur
990 1341 1126 1401 verbum
1149 1341 1281 1421 πειρητίζ
1306 1388 1312 1401 .

211 1430 316 1527 maisy
342 1444 372 1501 Φ
395 1443 459 1503 282
480 1479 493 1488 -
514 1440 606 1502 curio
629 1442 649 1520 β
673 1443 737 1503 388
762 1466 782 1519 μ
806 1444 870 1504 436
893 1444 954 1503 etc.

175 1543 357 1605 addendum
387 1543 471 1604 soret
500 1539 787 1620 ἀτιμάζω-ἀωμάω,
820 1545 884 1604 nisi
914 1544 1067 1604 evicisset
1099 1544 1211 1605 Nauck
1243 1545 1395 1619 posterio-

136 1655 199 1705 rem
216 1645 353 1706 formam
376 1660 441 1706 non
469 1660 542 1707 esse
564 1647 740 1720 genuinam
767 1647 823 1707 sed
849 1647 938 1708 vitiis
960 1647 1165 1707 librariorum
1190 1647 1307 1707 deberi.
1334 1646 1396 1707 Sed

140 1747 407 1809 conmemorando
424 1747 477 1808 hic
501 1750 579 1809 sunt
598 1750 697 1810 verba
719 1746 830 1809 ἀντιόω
853 1747 872 1825 β
898 1750 975 1808 211⁵
1001 1750 1035 1808 et
1057 1745 1176 1807 σκεωίω
1201 1769 1218 1806 ν
1242 1748 1296 1823 99,
1320 1762 1383 1821 quo

141 1856 203 1907 run
221 1850 323 1911 forma
345 1849 441 1910 extra
463 1849 644 1912 Homerum
667 1853 719 1913 eat
742 1848 868 1922 ἀντιάζω
892 1854 926 1912 et
949 1848 1060 1921 σκεωάζ
1085 1896 1091 1908 .

180 1946 273 2014 uuam
295 1972 329 2010 -v
358 1949 455 2012 finale
486 1954 667 2027 praesentis
690 1953 846 2028 temporis
869 1953 902 2012 in
925 1952 1038 2027 paucis
1062 1951 1256 2024 quibusdam
1279 1950 1394 2011 formis

145 2051 243 2114 mobile
265 2055 334 2115 est:

215 2153 331 2232 ὑφαίνω
389 2143 503 2230 -οφω1ω
526 2177 545 2232 η
572 2156 645 2217 105.

214 2257 310 2333 φαίνω
385 2249 479 2332 stoue
497 2256 513 2329 ξ
533 2257 596 2317 502
621 2256 641 2334 ἓ
662 2257 737 2319 280.
759 2256 804 2318 ul.
829 2257 901 2318 adv.
925 2253 1106 2332 ἀναφανδόν
1130 2257 1200 2317 sive
1223 2254 1376 2334 ἀμφᾶδόν.

217 2357 367 2437 monive
390 2356 546 2436 -νρωδάω,

176 2453 293 2535 Duplici
321 2461 434 2536 stirpe,
461 2461 494 2521 in
518 2460 571 2521 -ἄδ
594 2461 646 2522 vel
669 2462 703 2521 in
725 2466 779 2520 -ἅν
802 2460 972 2537 desinenti,
999 2461 1102 2521 utitur
1125 2462 1279 2522 verbum:

215 2561 561 2640 θαυμάζω-θαυμαίνω
584 2566 608 2622 0
634 2563 706 2624 108.

173 2657 349 2739 separaum
373 2666 696 2727 commemorandum
719 2668 771 2727 esi
797 2666 930 2726 verbum
954 2661 1084 2725 ὑλακτέω
1108 2665 1178 2726 sive
1202 2653 1292 2724 iiio.

173 2863 255 2929 Setis
284 2869 467 2945 frequentia
494 2871 571 2931 sunt
595 2870 693 2930 verba
717 2869 750 2929 in
773 2867 838 2940 -ίζω
862 2867 1052 2943 desinentia,
1077 2882 1159 2939 quae
1183 2868 1287 2928 altera
1309 2882 1395 2942 prae·

135 2969 229 3030 1111111
249 2971 355 3032 forma
376 2971 411 3032 in
434 2968 487 3031 -ίω
510 2970 664 3032 utuntur:

216 3070 310 3145 ωίτίζω
391 3070 511 3133 -ωίτίω,

216 3171 362 3252 ωίνίζομωι
392 3172 515 3234 -ωίνίω,

217 3274 320 3352 νομίζω
390 3272 522 3353 -νωμὲω,

218 3369 313 3454 ὀχλίζω
392 3372 507 3456 -οχλὲω
530 3381 571 3437 Μ
592 3378 682 3438 4481

219 3471 319 3551 inlito)
391 3474 512 3538 -οπλὲω
535 3479 551 3550 ζ
575 3480 614 3539 73
639 3480 679 3549 (Τ
701 3479 808 3538 172:
825 3481 859 3536 Ψ
883 3479 990 3547 1591).

220 3579 314 3655 χωιίζω
390 3577 515 3659 -χωτέω,

221 3680 367 3760 στεναχίζω
390 3678 561 3760 -στονωχὲω
597 3682 664 3752 (alii
699 3679 850 3760 στεναχίω,
885 3681 948 3742 vid.
987 3682 1033 3741 La
1067 3682 1175 3743 Boche
1211 3681 1393 3742 Textkritik

258 3798 287 3857 p.
311 3782 476 3853 8512354).

223 3877 367 3962 ἕξενωίρίζω
390 3880 556 3961 -ίξενωρέω
580 3884 656 3945 Hes.
682 3884 769 3945 Scui.
795 3886 869 3946 329.

191 3975 261 4045 ille
293 3985 429 4046 verbum
460 3981 613 4064 ἒτωωρίζω
637 3987 672 4045 Ν
693 3987 757 4046 456
782 3987 814 4044 u
837 3989 901 4048 335
925 3987 956 4047 h.
981 3987 1059 4046 Ven.
1093 3987 1145 4062 96,
1175 3985 1258 4059 quod
1281 3989 1394 4061 postea

162 4069 206 4135 iit
221 4077 336 4164 ἓτωνρίω,
364 4102 426 4148 nec
449 4102 514 4148 11011
537 4087 600 4148 huc
619 4087 742 4148 faciunt
763 4085 889 4167 ἀκαχίζω
902 4086 1064 4166 -ἀκωχήσω
1088 4085 1221 4165 ἀκάχησα
1244 4084 1393 4164 ἀκάχημαι

165 4168 254 4263 1210,
278 4187 390 4262 cernitu
409 4226 423 4235 -
442 4179 515 4249 οὖτα
545 4188 565 4266 ἓ
597 4191 669 4264 150,
704 4190 851 4268 κονωβίζω
871 4184 1073 4269 -’κονάβησα,
1107 4189 1237 4267 μοχθίζω
1272 4192 1296 4248 Β
1329 4191 1392 4250 723

122 4318 124 4323 ·
167 4285 294 4363 'mirica
317 4291 346 4348 Κ
371 4290 444 4365 106,
469 4285 822 4369 καναχίζω-’κωνᾶχησω

197 4378 260 4449 Rcro
280 4392 464 4453 terminatio
483 4391 548 4464 -ίζω
569 4393 636 4453 vim
657 4392 754 4453 habai
773 4395 993 4453 causativam:
1019 4388 1143 4452 δειπνὲω
1156 4410 1236 4469 oeno,
1255 4392 1392 4464 δειπνίζω

169 4488 245 4545 mom
259 4492 401 4568 procem
422 4508 503 4554 aevo
526 4495 762 4570 posthomerico
784 4495 888 4554 multo
908 4494 1001 4569 plura
1023 4495 1121 4555 verba
1147 4496 1180 4554 in
1202 4492 1255 4555 -έω
1276 4498 1309 4556 ei
1327 4493 1392 4566 -ίζω

170 4575 202 4639 iu
218 4587 350 4655 moneta
373 4597 459 4656 sunt.
