3120 5124
140 365 155 434 §
172 365 213 436 lo]
714 365 777 424 185

144 572 201 627 ,cerv
228 555 253 610 Α
282 555 311 628 3,
345 552 517 632 σιγαλόεντα
546 555 575 611 Ε
598 554 662 614 226
694 554 755 612 etc.
788 552 846 612 Oui
869 553 948 613 libet
971 555 1035 613 ista
1059 568 1260 629 cognoscere,
1285 554 1381 614 adeat

144 654 302 726 ,lariorum
326 670 356 715 1.
381 671 408 717 c.
433 657 473 717 ad
498 655 641 730 Lysiam,
665 672 696 730 p.
723 657 796 716 703.
821 655 1006 715 Dawesium
1031 655 1162 715 Miscell.
1188 654 1265 715 Orit.
1290 670 1316 716 c.
1349 657 1380 729 4,

144 757 197 830 ,qui
223 772 415 831 quamquam
449 758 557 819 fautor
591 757 812 832 digammatis,
848 759 958 816 tamen
994 757 1141 817 Bentleio
1177 757 1378 817 adversatur.
1493 842 1496 846 ⁴

144 856 231 929 ,lobia
260 859 324 918 ista
356 875 442 919 nova
477 859 638 935 sapientia
672 859 888 932 grammatica
918 873 982 917 non
1010 859 1116 932 magis
1139 859 1254 934 placet,
1280 873 1378 931 quam

143 958 280 1031 ,1111111110
312 962 353 1021 ad
389 960 508 1021 charit.
534 976 564 1036 p.
590 961 664 1036 202,
701 961 794 1020 cuius
826 960 981 1020 iudicium
1012 962 1218 1035 probamus&
1245 960 1380 1021 -Non

141 1058 231 1119 mirum
251 1062 301 1120 est
324 1062 433 1138 igitur,
460 1064 566 1122 virum
590 1063 721 1122 doctum
746 1061 800 1134 qui
826 1061 899 1121 libri
925 1061 1106 1122 Dawesiani
1131 1077 1250 1122 novam
1272 1063 1380 1122 editio·

140 1174 194 1220 nen
218 1164 338 1224 curavit
369 1179 454 1225 anno
488 1165 583 1240 1781,
608 1164 666 1223 Th.
689 1163 841 1239 Burgess,
871 1162 1021 1224 laudasse
1045 1165 1217 1224 inventum
1241 1164 1379 1239 Bentlei,

141 1261 257 1325 laudasse
286 1266 426 1327 Dawesii
457 1281 605 1340 acumen,
633 1280 717 1324 nova
740 1265 891 1325 attulisse
916 1268 1110 1339 argumenta
1133 1265 1173 1325 ad
1198 1266 1378 1326 doctrinam

141 1361 373 1436 digammaticam
407 1366 661 1428 confirmandam
694 1400 734 1408 -
763 1367 797 1425 in
831 1367 882 1425 bis
916 1367 1122 1441 perabsurda,
1158 1383 1235 1427 narn
1270 1366 1379 1427 sedne

140 1465 222 1525 scribit
259 1470 292 1527 et
331 1468 496 1544 τετύφαέσι
530 1472 563 1529 11
597 1467 719 1526 ausen
755 1467 882 1540 aliaque
917 1468 1061 1527 eiusdem
1098 1468 1219 1528 farinae
1250 1501 1290 1510 -
1324 1468 1381 1527 sed

140 1579 215 1638 neque
239 1569 380 1629 ionicum
411 1586 475 1630 vau
506 1585 610 1643 neque
642 1569 808 1642 digamma
839 1569 998 1629 aeolicum
1022 1570 1055 1628 in
1086 1571 1215 1628 textum
1247 1568 1381 1627 Homeri

139 1666 323 1730 invehendum
361 1673 537 1732 censuisse.
572 1671 613 1730 Et
647 1670 765 1730 melius
800 1673 870 1730 erat
912 1670 1054 1744 profecto
1088 1684 1250 1743 nusquam
1285 1669 1381 1727 scribi

139 1767 204 1829 illan
232 1772 374 1833 litteram
410 1758 508 1846 quam
544 1788 647 1846 usque
678 1787 804 1845 quaque
841 1772 1004 1847 inculcari,
1037 1772 1115 1831 dum
1150 1768 1380 1830 vocabulorum

139 1871 234 1932 natales
259 1876 292 1933 et
316 1875 528 1935 conformatio
551 1874 782 1948 ignorabantur
805 1876 839 1933 et
862 1889 915 1933 ars
939 1874 1155 1947 grammatica
1178 1871 1265 1931 inani
1289 1871 1379 1943 origi·

139 1972 248 2033 radonis
269 1976 377 2036 studio
401 1976 597 2049 aegrotabat.

168 2075 202 2132 tt
220 2076 294 2136 dum
319 2077 431 2137 Orbilii
458 2077 510 2152 ,in
532 2078 664 2150 antiquo
688 2078 756 2137 luto
780 2077 912 2136 haerere
936 2092 971 2135 se
995 2076 1114 2136 malle”
1138 2075 1379 2150 profitebantur,

140 2187 211 2245 qnam
241 2195 315 2238 vare
350 2180 493 2239 dicerent
527 2179 587 2253 ipsi
623 2194 685 2238 non
721 2179 957 2252 intellegentes
992 2179 1025 2236 in
1060 2179 1226 2237 Britannia
1257 2178 1379 2236 sensim

140 2283 343 2351 perspexerunt
377 2281 439 2340 riri
473 2281 568 2356 docti,
602 2280 719 2354 Taylor
756 2281 868 2340 Foster
898 2280 1006 2354 Upton
1030 2280 1134 2339 Salter
1158 2280 1223 2353 alii,
1247 2294 1310 2338 non
1335 2279 1381 2337 ita

140 2383 324 2450 spernendum
348 2397 421 2442 esse
446 2382 478 2441 id
502 2383 585 2454 quod
608 2382 736 2441 Bentlei
757 2382 920 2455 ingenium
944 2382 1142 2453 detexisset;
1167 2380 1283 2452 quibus
1303 2394 1380 2438 mox

140 2482 247 2541 accen
280 2483 438 2543 Ricardus
473 2482 582 2556 Payne
617 2482 756 2555 Knight:
792 2481 975 2554 Analytical
1007 2496 1103 2554 essay
1134 2496 1175 2541 on
1206 2480 1261 2540 the
1283 2481 1379 2553 greek

141 2577 259 2652 alphabet
285 2585 381 2644 1791.

172 2681 253 2744 llrtra
284 2686 472 2746 Britanniae
506 2684 588 2745 fines
618 2686 748 2745 interim
780 2686 812 2743 in
837 2686 900 2744 alia
928 2685 1037 2744 omnia
1060 2684 1257 2744 inclinabant
1280 2683 1379 2742 bomi-

143 2793 198 2842 num
224 2789 359 2847 mentes.
392 2787 463 2847 Non
494 2788 631 2861 possunt
661 2802 745 2846 nunc
774 2788 844 2846 sine
879 2787 947 2844 risu
977 2786 1041 2859 legi
1074 2800 1155 2858 quae
1186 2785 1379 2844 1111101745

143 2880 234 2945 unni
255 2887 295 2948 ad
319 2889 459 2962 Hesych.
485 2905 510 2948 s
536 2904 564 2947 1.
588 2887 674 2967 ydida
700 2888 741 2959 (id
766 2891 817 2946 est
839 2887 941 2955 loide)
973 2887 1159 2946 observavit
1184 2886 1223 2945 de
1247 2885 1381 2945 Homeri

144 2994 213 3044 versu
239 2992 262 3046 θ
291 2991 356 3050 215
387 2980 420 3048 εὖ
452 2986 505 3066 μὲν
528 2988 614 3061 τόξον
637 2981 713 3049 οἶδα.
741 2988 910 3048 Ernestius
934 2989 1010 3060 quid
1033 2988 1195 3048 censuerit
1219 2987 1379 3059 vidimus3

144 3086 236 3148 aucus
267 3091 338 3150 eius
372 3090 594 3165 Ruhnkenius,
624 3091 653 3150 is
684 3093 796 3149 tamen
826 3105 890 3148 non
914 3090 1024 3148 doctor
1047 3088 1258 3162 umbraticus,
1282 3102 1380 3160 quarn

144 3183 199 3245 nihil
225 3192 371 3251 tribuerit
404 3192 533 3251 litterae
566 3192 590 3248 f
619 3191 704 3251 clare
735 3191 828 3250 docet
859 3191 956 3249 editio
982 3190 1095 3262 hymni
1121 3189 1244 3248 Cereris
1269 3203 1380 3248 recens

144 3291 229 3358 reperti
260 3293 336 3352 anni
374 3293 457 3352 1782
490 3290 529 3366 ·);
570 3294 639 3352 tota
673 3293 752 3351 haec
791 3290 937 3363 quaestio
976 3305 1050 3349 eum
1087 3290 1208 3363 fugisse
1245 3290 1380 3349 videtur.

144 3382 360 3453 Valcieuaerius
394 3394 504 3454 autern
536 3394 612 3454 licet
642 3394 767 3452 inventi
798 3390 979 3451 Bentleiani
1002 3392 1202 3451 mentionem
1227 3391 1325 3450 iaciat
1348 3392 1381 3449 in

145 3488 247 3558 elistola
278 3495 320 3555 ad
352 3494 514 3554 Reverurn
549 3511 578 3569 p.
606 3495 657 3569 72,
689 3508 752 3553 non
783 3498 895 3553 tamen
926 3493 1069 3552 sensisse
1095 3508 1130 3551 se
1153 3491 1229 3564 quid
1252 3492 1382 3551 intersit

145 3585 203 3651 inter
220 3611 370 3657 versuum
394 3601 426 3656 X
440 3598 503 3657 236
524 3599 557 3656 et
578 3599 606 3654 A
627 3597 668 3655 70
692 3595 783 3654 initia
807 3581 850 3663 (ὃς
874 3590 956 3668 ἔτλης
981 3597 1014 3653 11
1037 3581 1070 3664 ὃς
1093 3591 1163 3674 ᾔδη)
1188 3593 1329 3651 ostendit
1349 3592 1381 3650 in

145 3689 388 3759 obsonationibus
422 3699 491 3758 suis
525 3698 565 3757 ad
600 3696 712 3757 Iliadis
744 3696 862 3755 librum
895 3695 989 3753 XXII
1023 3699 1063 3768 (p.
1090 3696 1152 3769 54),
1178 3708 1259 3766 quae
1282 3693 1382 3752 simul

145 3803 197 3854 tun
222 3799 275 3860 illa
308 3800 445 3875 epistola
478 3799 664 3874 prodierunt
699 3803 793 3867 (anno
828 3798 941 3869 1747);
977 3797 1146 3855 videantur
1177 3795 1275 3854 etiarn
1300 3809 1381 3866 quae

145 3903 203 3954 tuno
224 3902 302 3961 1773
328 3901 368 3961 ad
393 3900 585 3960 Adoniazus.
611 3915 639 3973 p.
663 3901 726 3959 356
749 3899 927 3957 annotavit.
947 3898 1020 3970 lpse
1042 3895 1267 3971 77011101,1110
1287 3911 1382 3955 nemo

146 3993 252 4060 dubius
280 4002 465 4063 Bentleium
498 4002 727 4074 admirabatur,
760 4001 851 4060 initio
879 4000 976 4058 buius
1010 4013 1072 4071 quo
1096 3999 1240 4057 vivimus
1263 3998 1383 4057 saeculi

146 4092 276 4168 digamma
306 4103 444 4164 vocabat
478 4104 597 4178 ,senile
629 4103 802 4163 ludibrium
834 4102 954 4173 ingenii
986 4101 1198 4160 Bentleiani”.
1225 4099 1292 4174 Quo
1317 4115 1380 4159 ma·

146 4193 192 4258 iore
208 4202 293 4265 laude
316 4206 433 4278 dignus
457 4207 508 4264 est
530 4206 568 4279 is,
594 4205 649 4277 qui
672 4205 797 4278 primus
821 4204 854 4262 in
882 4203 1056 4262 Germania
1079 4217 1191 4275 sapere
1212 4217 1312 4260 ausus
1334 4205 1384 4261 est

146 4300 169 4354 et
193 4317 238 4375 pre
269 4309 360 4381 parte
396 4307 481 4366 virili
512 4322 642 4380 operam
675 4306 761 4366 dedit
794 4307 831 4363 ut
859 4319 977 4364 novam
1002 4304 1181 4364 doctrinam
1205 4304 1383 4377 excoleret;

147 4444 330 4465 κ...

172 4522 187 4591 ¹)
199 4530 236 4580 Ει
251 4549 286 4596 μ
304 4549 341 4584 vs.
361 4537 410 4584 sse
428 4550 474 4596 pro
491 4538 544 4601 πρε,
562 4536 607 4582 uu
625 4513 708 4595 posen
725 4538 779 4596 apri
798 4533 816 4590 ,2
836 4531 887 4577 111.
