3120 5124
149 408 219 480 llo]
478 414 483 420 '
717 410 777 471 147

148 596 350 670 producendam
392 596 505 656 multis
546 597 626 658 locis
667 598 757 658 solus
795 597 944 674 sufficiat,
979 599 1055 658 alibi
1093 598 1277 673 frequenter
1310 614 1382 661 esse

147 696 298 770 neglectum
333 697 403 758 sine
437 697 505 758 0110
538 699 733 759 necessitate
764 700 908 761 metrica.
944 701 1027 761 Nam
1062 703 1129 763 toto
1161 703 1249 787 coelo
1284 703 1383 763 distat

147 801 260 874 coneptu
281 799 407 874 syllaba
436 814 518 873 quae
541 815 656 861 vocem
681 789 841 873 Ζάκυνθος
865 804 1035 879 praecedit,
1060 804 1111 864 vel
1134 804 1260 879 syllaba
1278 805 1383 879 prima

146 900 256 960 nominis
286 899 454 980 Ἀφροδίτη,
483 916 503 961 0
535 902 683 962 versibus
714 902 827 975 quales
858 904 963 964 forent
993 901 1026 962 lb
1059 898 1087 962 d'
1117 901 1238 964 toload’
1266 902 1383 964 ἱκέσθαι

147 1003 169 1060 01
191 999 257 1073 ὅστις
286 999 376 1062 σέθεν
406 998 509 1062 ἀντίον
531 1003 632 1087 101110.
656 1006 694 1064 10
718 1004 1078 1066 Ηο11011100010011001
1102 1007 1238 1067 libenter
1260 1008 1383 1068 iremus

147 1102 166 1160 si
189 1103 361 1164 huiusmodi
395 1103 526 1165 licentia
560 1106 697 1166 metrica
732 1121 803 1167 raro
838 1107 1128 1181 deprehenderetur
1158 1123 1218 1169 nec
1251 1109 1315 1168 nisi
1349 1109 1383 1168 10

147 1205 228 1276 mucis
256 1205 449 1278 quibusdam
482 1206 646 1267 uocabulis
678 1208 712 1268 et
739 1209 867 1282 propter
890 1211 996 1269 certas
1020 1210 1145 1283 aliquas
1171 1225 1304 1286 causam
1329 1212 1382 1271 du·

147 1304 218 1377 plioes
243 1306 358 1366 talium
389 1308 618 1369 vocabulorum
650 1310 772 1370 formas
796 1309 945 1370 extitisse
969 1313 1047 1372 tune
1070 1312 1284 1388 crederemus
1309 1329 1382 1387 qua·

147 1422 198 1466 rum
220 1409 319 1469 altera
350 1425 463 1471 veram
487 1426 662 1471 consonam
686 1413 719 1471 in
743 1413 847 1472 fronte
871 1413 1029 1489 habuerit,
1053 1413 1156 1474 altera
1179 1416 1236 1474 aut
1259 1415 1383 1476 nullam
1480 1477 1489 1494 ,

147 1512 186 1568 aot
203 1511 343 1571 umbram
368 1511 510 1585 aliquam
534 1527 703 1588 consonae,
728 1528 809 1585 quae
834 1514 890 1572 vix
912 1515 1128 1588 perciperetur
1151 1531 1254 1588 neque
1279 1515 1381 1576 affice-

147 1612 181 1669 ro
205 1628 353 1673 uersuum
383 1628 547 1674 numeros.
579 1615 630 1674 Ita
660 1615 688 1674 01
720 1631 755 1674 00
784 1616 917 1675 11010101
947 1631 1010 1692 100,
1042 1616 1073 1676 10
1104 1632 1207 1676 00001
1238 1619 1384 1677 10000101

146 1710 272 1774 incertum
304 1717 414 1775 utrum
445 1715 625 1775 omittenda
657 1717 744 1776 esset
776 1716 833 1775 illa
856 1731 997 1777 consona
1019 1717 1099 1777 10010
1124 1718 1177 1778 ubi
1200 1717 1291 1779 nulla
1314 1719 1384 1778 eius

147 1812 182 1871 110
207 1818 340 1891 apparet,
373 1831 415 1876 an
445 1816 547 1877 oculis
577 1817 621 1876 ibi
653 1833 778 1891 quoque
809 1820 897 1879 esset
920 1819 1126 1880 ostendenda.
1151 1820 1195 1878 At
1217 1835 1281 1880 non
1304 1821 1384 1881 haec

148 1916 183 1973 est
199 1918 387 1988 quaestionis
411 1918 568 1992 condicio;
593 1933 671 1978 nam
695 1920 790 1979 modo
814 1920 854 1979 ab
877 1921 947 1995 hoc,
972 1920 1066 1980 modo
1090 1920 1129 1980 ab
1153 1920 1209 1980 illo
1229 1922 1384 1982 vocabulo

149 2012 286 2080 Homerico
317 2019 484 2092 digamma
507 2020 609 2096 abest,
634 2035 737 2093 neque
760 2021 792 2080 in
816 2022 1048 2081 recentioribus
1070 2023 1199 2082 tantum
1224 2024 1303 2084 locis
1328 2024 1384 2084 sed

148 2115 170 2174 io
191 2117 406 2194 antiquissima
436 2136 562 2194 quaque
592 2120 703 2182 Iliadis
735 2122 786 2182 vel
816 2122 980 2196 Odysseae
1003 2126 1094 2197 parte
1117 2125 1169 2184 hic
1191 2125 1257 2185 illic
1280 2125 1383 2199 negle-

148 2217 216 2288 pour.
249 2222 334 2297 Quae
370 2238 445 2283 eum
479 2225 679 2299 1000100100,
714 2224 945 2299 intellegimus,
976 2224 1064 2286 locos
1095 2225 1295 2301 Homericos,
1330 2227 1383 2286 ubi

147 2317 249 2383 initialis
278 2339 420 2384 consona
446 2325 605 2385 rariorum
629 2320 829 2397 quarundam
856 2341 971 2385 vocum
996 2328 1100 2385 metro
1123 2328 1256 2399 cogente
1280 2328 1383 2400 negle-

147 2420 216 2498 gitur,
243 2441 304 2485 non
333 2441 429 2502 posse
460 2427 543 2486 satis
573 2428 647 2499 0010
678 2427 824 2500 00010001
856 2442 931 2487 curn
962 2427 1110 2486 versibus
1141 2427 1195 2486 ubi
1223 2427 1385 2487 intercidit

147 2525 187 2581 aut
204 2558 238 2568 -
260 2527 288 2586 si
319 2528 392 2600 quis
423 2528 470 2587 ita
501 2527 588 2600 loqui
618 2528 745 2588 mavult
769 2542 889 2602 —pro
920 2528 1020 2587 nihilo
1052 2529 1188 2588 habetur
1219 2529 1384 2602 digamma

148 2625 261 2688 vocabuli
292 2628 390 2701 deva}
424 2629 476 2689 101
511 2630 709 2703 pronominis
739 2627 795 2701 θός
829 2629 1051 2702 similiumque
1087 2646 1214 2705 vocum,
1250 2633 1381 2691 centum

148 2723 291 2791 0111010010
314 2731 496 2792 Homericis
519 2731 685 2804 digamma
708 2731 907 2791 habentium.

177 2825 201 2886 Si
216 2828 325 2892 verum
341 2832 478 2892 vidisset
498 2847 560 2892 von
572 2831 696 2907 Hartel,
717 2831 797 2890 nihil
810 2833 953 2892 obstaret
965 2832 1138 2904 quominus
1151 2831 1316 2904 digamma
1330 2848 1387 2906 per

148 2924 224 2989 urum
253 2932 431 2994 Homerum
463 2949 594 2994 summa
624 2935 807 2994 constantia
831 2934 1066 2993 restitueretur.
1092 2933 1125 2992 Si
1148 2935 1273 2993 eertum
1297 2937 1385 2994 esset

148 3023 169 3084 id
183 3033 250 3102 quod
269 3034 422 3095 Ludwioh
434 3036 611 3096 Aristarch.
633 3036 866 3109 1102140011.
888 3050 1008 3108 magna
1028 3049 1105 3094 cura
1125 3035 1383 3095 demonstratum
1443 3067 1452 3089 .

147 3125 357 3206 tribrachium
387 3136 488 3197 fuisse
512 3137 654 3197 litteram
678 3137 710 3211 d,
735 3137 865 3210 perinde
890 3137 986 3209 atque
1011 3136 1117 3209 sigma
1141 3135 1192 3194 vel
1214 3135 1309 3197 labda
1333 3152 1385 3196 vo·

148 3243 201 3292 cum
219 3237 543 3315 σκίδναμαι-κίδναμαι,
564 3236 747 3316 λείβω-εἴβω,
770 3240 803 3298 01
823 3238 892 3298 0100
911 3237 989 3298 11110
1009 3238 1106 3309 igitur
1126 3251 1145 3295 a
1165 3237 1270 3310 poetis
1291 3237 1385 3297 modo

145 3339 238 3398 serrari
270 3340 415 3414 potuisse
446 3341 541 3400 modo
573 3340 690 3414 omitti,
715 3340 881 3412 digamma
905 3339 1032 3412 appingi
1055 3338 1167 3398 liceret
1190 3338 1222 3396 in
1246 3338 1385 3397 editione

144 3430 267 3500 boutema
289 3441 470 3514 ubicunque
494 3441 564 3502 eius
588 3441 638 3500 vis
663 3457 704 3500 ex
728 3456 882 3501 versuum
906 3439 1051 3498 numeris
1072 3439 1266 3514 agnoscitur,
1288 3440 1385 3499 ceteri

143 3531 189 3595 loci
215 3556 272 3603 non
308 3545 419 3602 essent
453 3542 656 3603 sollicitandi.
693 3542 755 3602 Sed
789 3544 937 3601 neutram
974 3541 1143 3615 rationem,
1175 3541 1386 3613 quantumvis

143 3635 322 3714 simplicitate
365 3646 399 3704 et
440 3643 595 3704 facilitate
632 3659 666 3703 00
701 3644 995 3718 commendantem,
1031 3643 1113 3702 satis
1147 3644 1218 3702 1010
1254 3644 1386 3701 0000100

142 3735 217 3802 luerit
254 3745 380 3819 aliquis.
427 3745 474 3804 Ex
509 3749 600 3820 parte
635 3746 773 3805 fortasse
809 3745 993 3805 Ludwichio
1033 3743 1185 3803 assentiri
1220 3743 1384 3817 debemus,

141 3843 203 3903 sotis
232 3848 317 3908 enim
349 3848 400 3908 001
430 3848 588 3925 credibile,
632 3847 804 3908 nonnullas
836 3862 932 3907 voces
966 3861 1045 3905 aevo
1082 3845 1253 3904 Homerico
1291 3845 1385 3904 vacil-

140 3939 240 4007 lantem
267 3949 419 4010 habuisse
450 3965 625 4010 consonam
656 3950 688 4024 f,
719 3951 751 4008 et
784 3950 900 4007 harum
933 3948 1031 4020 igitur
1060 3947 1221 4019 duplicem
1245 3947 1385 4005 formam

140 4044 371 4126 10001001οο110
394 4068 468 4112 eum
492 4054 525 4112 in
549 4067 603 4113 ore
623 4052 792 4112 hominum
818 4048 1016 4110 circumferri
1042 4050 1113 4107 tum
1137 4063 1156 4106 a
1175 4048 1279 4121 000110
1297 4064 1384 4107 usur·

139 4149 194 4218 pap-p
230 4156 374 4228 coeptam
410 4169 492 4229 esse,
526 4171 553 4215 e.
582 4170 611 4227 g.
647 4148 864 4231 liquor-ipsos,
897 4146 1094 4209 10101011οῐ0,
1120 4151 1246 4223 0110000
1285 4166 1387 4223 00000

139 4246 301 4315 huiusmodi
325 4253 357 4325 ¹).
389 4255 433 4314 At
464 4256 518 4316 ubi
549 4248 616 4315 oddo
639 4271 694 4330 pro
717 4253 809 4313 forta
835 4253 991 4326 reperitur
1015 4251 1064 4311 vel
1090 4249 1121 4321 ὅς
1144 4249 1385 4327 01011010οξ

140 4396 336 4415 ξ-

166 4490 182 4558 Ι)
197 4498 331 4547 Prudenter
347 4500 396 4547 huc
414 4500 446 4547 de
464 4514 491 4547 re
510 4500 651 4560 disputavit
668 4502 757 4547 Morare
774 4501 848 4547 Hem.
868 4500 1002 4547 Grammar
1019 4498 1032 4555 ἓ
1051 4499 1114 4552 400;
1133 4496 1182 4543 vid.
1207 4497 1282 4542 etiam
1302 4497 1388 4543 Christ

138 4571 223 4636 Proleg.
240 4579 310 4627 llisd.
327 4594 353 4641 0.
373 4581 420 4627 158
439 4593 494 4640 sqq.
