3120 5124
751 376 793 434 54

473 570 659 641 καστορνῦσα
697 589 730 609 --
752 570 974 640 καταστορνῦσα
997 585 1014 641 ρ
1056 564 1108 623 32.

474 662 600 741 κάσχεθε
699 688 731 708 =
754 663 916 742 κατάσχεθε
997 669 1028 722 Λ
1053 665 1126 724 702.

473 764 599 824 κάκτανε
698 790 731 811 =
754 764 915 825 κατάκτανε
1000 768 1025 823 Ζ
1055 767 1127 826 lod.

186 864 319 952 Accedit
351 864 489 949 κακτείνῃ
523 889 539 945 χ
571 868 612 928 73
648 883 665 929 ο
700 870 811 928 nostra
845 867 1039 944 coniectura,
1071 868 1104 927 in
1135 866 1276 927 Hesiodo
1299 867 1408 926 autem

141 965 261 1039 legitur
282 965 460 1044 κακτάμεναι
484 967 571 1030 Selii.
596 969 670 1030 453.

186 1066 294 1127 Etiam
323 1070 569 1143 praepositionis
599 1069 658 1129 ὑκό
683 1072 788 1131 forma
814 1070 1038 1144 monosyllaba
1061 1086 1124 1130 uno
1147 1069 1217 1129 loco
1242 1067 1409 1142 reperitur,

143 1166 346 1246 ὑββάλλεινΞ
361 1167 540 1250 ὑποβάλλειν
567 1174 593 1230 T
613 1173 665 1247 80,
697 1174 841 1246 itemque
864 1168 906 1230 σ’στ
929 1187 986 1246 pro
1010 1167 1068 1230 ἀπό
1092 1171 1231 1232 occurrit
1255 1184 1319 1229 uno
1343 1168 1411 1229 loco

143 1293 158 1328 ο
183 1271 236 1346 83,
260 1268 413 1348 ἀππέμψει
436 1288 493 1347 pro
517 1270 696 1350 ἀποπέμψει.

188 1371 250 1432 Sed
279 1373 439 1434 rationem
468 1377 673 1435 constantem
703 1378 736 1435 et
762 1375 959 1448 probabilem
983 1375 1015 1433 in
1040 1386 1178 1448 apocope
1201 1370 1412 1446 significanda

143 1488 247 1546 neque
270 1475 396 1535 codices
419 1490 522 1548 neque
545 1476 702 1537 editiones
726 1477 859 1537 Homeri
883 1479 1071 1550 sequuntur.
1095 1476 1178 1535 Nam
1199 1474 1289 1549 leges
1310 1474 1411 1535 ortho-

144 1575 324 1652 graphicae,
360 1577 475 1650 quibus
509 1578 723 1652 obtemperari
754 1578 836 1638 solet
867 1578 901 1637 in
932 1577 1064 1638 edendis
1087 1577 1296 1652 scriptoribus
1320 1576 1410 1637 Grac·

145 1676 201 1752 cis,
233 1676 341 1736 serunt
372 1680 409 1739 ut
439 1682 496 1740 aut
525 1681 722 1741 coniunctim
746 1677 885 1756 ἀμφόνσν
909 1676 1076 1758 ἀμβωμσῖσι
1099 1676 1230 1758 καγγόνυ
1254 1679 1316 1739 etc.
1341 1677 1414 1738 scri·

145 1777 249 1852 hatur,
273 1780 340 1854 aut,
365 1781 393 1839 si
417 1781 610 1841 dirimantur
633 1797 739 1856 voces,
759 1777 797 1838 ἂν
818 1779 925 1856 φόνον,
943 1775 982 1837 ἂν
1002 1780 1127 1858 βωμοῖσι
1150 1781 1222 1856 etc,
1243 1795 1283 1840 ne
1305 1780 1414 1840 littera

145 1899 163 1933 v
187 1878 219 1937 in
241 1881 476 1954 praepositione
499 1879 579 1954 told)
602 1883 675 1943 aliis
697 1883 822 1956 legibus
845 1883 947 1942 teneri
972 1882 1118 1941 videatur
1148 1897 1246 1954 quam
1270 1882 1304 1941 in
1328 1896 1414 1956 prae·

145 1980 358 2053 positionibus
385 1983 440 2042 σύν
472 1986 506 2044 et
535 1981 575 2043 ἐν.
608 1985 669 2045 Sed
702 1985 730 2044 si
761 1999 824 2044 uno
847 1984 1001 2045 vocabulo
1025 1983 1047 2054 ¹)
1071 1983 1243 2044 scribimus
1266 1979 1417 2060 ἀμφόνον,

145 2083 254 2155 quidni
277 2085 377 2144 etiam
398 2081 528 2161 ἐκφόνσυ
548 2088 582 2146 et
601 2083 721 2169 ἐμφόνῳ
740 2087 866 2159 aliaque
882 2086 913 2145 id
928 2101 1030 2160 genus
1046 2086 1195 2162 plurima,
1209 2085 1414 2158 quemadmo-

146 2185 223 2244 dum
247 2186 463 2247 Athenienses
486 2188 563 2247 0lim
588 2203 721 2248 exarare
746 2188 893 2247 solebant
915 2204 942 2249 e.
956 2203 987 2261 g.
1011 2188 1131 2266 εγβσλεσ
1151 2187 1170 2248 i.
1188 2203 1216 2247 e.
1240 2183 1272 2244 ἐκ
1295 2185 1417 2264 βουλῆς,

146 2289 250 2345 eccela
273 2290 382 2345 λιθινει
407 2288 426 2348 i.
446 2306 472 2349 e.
499 2287 530 2347 ἐν
555 2288 645 2372 στήλῃ
668 2289 771 2372 λιθίνῃ
794 2291 840 2358 ²)?
865 2289 1002 2349 Omnino
1027 2304 1102 2349 vero
1126 2289 1173 2349 sic
1196 2289 1416 2362 obtemperan-

146 2389 223 2447 dum
258 2389 321 2448 erit
349 2391 557 2464 Aristophani
581 2391 794 2464 grammatico
818 2387 1036 2470 ἕνιμμεγάρσισι
1066 2391 1163 2450 scribi
1193 2389 1318 2449 iubenti
1341 2389 1415 2459 (vid.

146 2493 164 2561 ὅ
200 2491 262 2559 26).
301 2491 438 2551 Divisim
473 2495 584 2552 autern
620 2494 648 2552 si
680 2494 807 2554 edimus
838 2489 878 2569 ἃμ
915 2490 977 2570 (ἀμ)
1009 2490 1116 2568 φόνον,
1145 2489 1202 2571 κὰγ
1232 2493 1309 2570 (say)
1333 2488 1418 2569 γόνυ,

148 2594 419 2664 quemadmodum
452 2595 545 2655 hodie
575 2594 643 2656 fleri
675 2596 807 2670 assolet,
835 2595 926 2655 nulla
948 2596 999 2654 est
1023 2609 1121 2654 causa
1144 2593 1318 2666 quominus
1341 2591 1415 2651 alia·

147 2710 219 2753 rum
244 2709 370 2767 quoque
395 2711 509 2755 vocum
533 2697 642 2758 littere
664 2697 772 2757 finalis
795 2696 1041 2757 assimulatione
1065 2698 1220 2770 mutetur,
1246 2696 1357 2768 itaque
1384 2694 1417 2755 in

147 2798 275 2855 textum
293 2796 501 2856 Homericum
514 2798 694 2858 invehenda
707 2799 758 2858 vel
770 2800 878 2873 potius
890 2814 931 2858 ex
944 2798 1166 2858 monumentis
1176 2797 1314 2872 publicis
1327 2796 1416 2858 resti·

148 2897 268 2956 tuenda
290 2897 440 2958 videntur
464 2895 498 2975 ἕμ
521 2898 616 2983 φόνῳ,
639 2897 697 2976 οὺμ
721 2898 817 2983 φόνῳ,
842 2897 899 2976 τὴμ
919 2897 1017 2975 πόλιν,
1041 2897 1095 2978 τὴν
1114 2897 1228 2977 κούρην
1248 2898 1417 2972 multaque

148 2999 212 3058 alia
242 3000 427 3059 huiusmodi
450 3002 482 3070 ³).
516 3002 619 3076 Quam
644 3002 742 3062 libere
765 3004 876 3062 autem
904 3001 1108 3062 assimulatio
1134 3035 1174 3043 -
1198 3001 1227 3061 si
1250 3000 1362 3060 minus
1384 3001 1417 3060 in

147 3101 248 3176 libris,
280 3103 314 3161 at
337 3102 369 3160 in
393 3118 447 3163 ore
471 3106 556 3162 certe
580 3104 686 3176 gentis
711 3104 850 3163 Graecae
871 3137 912 3146 -
929 3103 1007 3164 olim
1028 3105 1177 3177 grassata
1200 3103 1307 3178 fuerit,
1331 3103 1416 3163 lucu·

149 3204 252 3263 lenter
282 3205 424 3265 ostendit
453 3206 507 3265 lex
539 3207 703 3282 Gortynia,
727 3206 760 3265 in
789 3221 853 3278 qna
875 3206 993 3279 legitur
1017 3221 1044 3265 e.
1069 3220 1099 3278 g.
1125 3200 1219 3264 ὀκόκα
1242 3207 1285 3263 nt
1310 3208 1417 3276 (τας)

148 3308 185 3386 λῇ
219 3307 252 3365 et
285 3305 398 3383 κατρὸδ
432 3312 475 3377 (²
487 3305 608 3386 πατρὸς)
642 3308 761 3378 ὃῶντος.
801 3308 875 3367 Alia
909 3308 972 3367 vid.
1009 3307 1093 3381 apud
1128 3306 1369 3367 Kiihner-Blass
1403 3307 1418 3366 I

149 3423 178 3481 p.
206 3408 267 3466 267
293 3408 385 3468 infra.

194 3510 255 3569 Sed
279 3512 414 3583 utraque
440 3512 492 3571 via
514 3513 613 3572 nimis
637 3513 730 3587 longe
753 3512 928 3572 discedite
950 3511 1074 3571 ratione
1093 3510 1256 3584 hodierna,
1277 3512 1311 3570 et
1332 3525 1418 3583 mag·

151 3628 210 3671 nas
232 3612 400 3672 molestias
424 3613 493 3672 sine
518 3629 594 3674 vera
617 3615 758 3675 utilitate
783 3615 833 3673 hic
852 3614 1001 3674 videmus
1023 3612 1163 3686 paratas.
1185 3611 1302 3672 Restat
1321 3614 1419 3672 tertia

185 3831 205 3898 ¹)
222 3835 251 3881 In
279 3834 411 3881 codicibus
436 3837 646 3896 praepositiones,
673 3837 750 3882 etiam
776 3833 925 3893 disyllabus,
951 3833 1047 3893 passim
1074 3832 1199 3879 vocabulo
1222 3834 1342 3893 sequenti
1364 3835 1419 3882 sine

150 3916 253 3975 proprio
271 3919 378 3962 accentu
396 3917 579 3976 praefiguntur.

184 3990 204 4058 ²)
223 3996 337 4041 Plurima
360 4009 426 4054 quse
449 3996 499 4041 huc
523 3996 652 4054 pertinent
675 3995 804 4054 congessit
824 3993 994 4041 Meisterhans
1014 3993 1172 4040 Grammatik
1189 3993 1213 4038 d.
1234 3996 1279 4040 att.
1298 3994 1419 4042 Iusohris·

152 4069 206 4119 ton²
222 4088 247 4134 p.
266 4076 296 4121 al
315 4087 371 4133 sqq.
386 4100 419 4108 -
432 4075 527 4122 Notatu
544 4078 584 4120 ost
601 4074 715 4134 dignum,
732 4074 901 4121 Athenienses
919 4072 995 4118 modo
1014 4077 1105 4131 εσιηληι
1126 4072 1201 4119 modo
1219 4078 1327 4133 εσστηληι
1343 4074 1419 4122 modo

151 4158 249 4212 ειστηλιμ
270 4151 339 4213 (oum
352 4155 447 4200 vocalis
464 4155 632 4213 productione
646 4148 814 4215 suppletoria)
829 4153 963 4212 scripsisse
978 4153 1002 4198 in
1018 4153 1189 4198 monumentis
1203 4152 1317 4212 publicis
1331 4168 1418 4202 reeen-

152 4233 223 4278 tioris
241 4235 340 4293 aetatis,
358 4235 408 4280 vid.
432 4234 492 4280 ibid.
511 4248 535 4294 p.
554 4237 585 4281 86
604 4245 632 4280 n⁰
651 4237 707 4281 833.
725 4235 800 4281 Haud
818 4234 891 4280 aliter
914 4232 1058 4279 Zenodotus
1080 4233 1175 4291 aliique
1195 4235 1305 4281 άδὸύααι
1324 4240 1349 4281 Ν
1363 4236 1419 4295 aad,

152 4313 269 4374 πασσυδίῃ
295 4317 316 4359 B
342 4316 381 4374 12,
406 4309 552 4377 ἀ(σ)στήσων
576 4318 599 4360 Κ
616 4316 656 4375 32,
678 4310 815 4376 d(o)on}s›1v
839 4315 864 4359 A
883 4314 938 4365 305,
961 4307 1102 4376 ά(σ)σιησον
1121 4315 1144 4359 K
1161 4314 1217 4372 176,
1235 4309 1419 4376 ὰ(σ)στήσεσθαι

155 4396 175 4437 Β
201 4394 249 4438 694
272 4392 418 4439 soribebant
440 4394 480 4440 vel
505 4394 591 4452 potius
611 4396 637 4440 in
661 4395 733 4440 libris
750 4395 803 4440 suis
826 4393 921 4450 scripte
944 4391 1116 4452 inveniebant,
1134 4391 1166 4439 of.
1184 4393 1221 4439 La
1238 4394 1326 4442 Boohe
1344 4395 1418 4441 'lext-

152 4471 228 4518 kritik
246 4485 270 4531 p.
290 4474 338 4519 394
356 4487 403 4532 sq,
421 4473 543 4520 Ludwich
562 4474 699 4520 Aristarch.
718 4474 730 4519 1
749 4473 781 4519 ad
798 4475 868 4520 locos
886 4470 1010 4517 laudatos.

185 4545 207 4613 3)
227 4550 264 4597 Oi.
282 4548 452 4598 licisterhons
469 4551 485 4598 l.
504 4552 520 4598 l.
539 4566 564 4612 p.
584 4553 623 4597 85.
