3120 5124
765 404 827 465 106
1332 406 1365 476 [ἓ
1390 407 1432 465 27

164 590 293 650 caverit.
325 591 430 651 Evicit
458 592 544 651 enim
576 592 610 651 in
633 592 798 665 geminato
821 591 927 665 sigma
950 592 1121 652 verborum
1143 591 1237 652 σαίνω
1259 591 1328 653 osto
1352 592 1432 655 σεύω

163 708 333 767 superesse
363 692 502 766 vestigia
533 694 778 753 vetustissimae
808 692 931 753 formae
961 692 1076 752 stelen
1108 692 1198 752 afsto
1218 697 1257 770 ¹);
1289 696 1431 757 fortasse

159 795 257 867 igitur
281 829 322 838 -
354 810 552 867 quamquam
585 796 720 855 minime
752 798 841 855 certa
871 796 922 856 est
951 796 1031 855 haec
1061 795 1229 869 originatio
1253 831 1294 839 -
1327 797 1431 858 etiam

156 892 314 973 ἐύσσελμος
345 897 496 971 prodierit
526 912 567 956 ex
597 893 767 972 ἕύσέελμος.
800 897 886 956 Item
920 896 1024 956 lucide
1047 897 1205 972 exposuit,
1237 912 1301 972 qua
1331 898 1373 959 de
1395 914 1430 960 re

156 1013 252 1058 nemo
276 999 343 1058 iam
367 998 502 1072 dubitat,
527 998 625 1058 verba
649 1013 731 1071 quae
755 999 786 1057 in
811 998 922 1072 lingua
944 998 1066 1058 Graeca
1088 1014 1108 1059 a
1130 999 1239 1060 littera
1261 1020 1278 1075 ρ
1301 1000 1428 1061 ordiun-

155 1100 208 1157 tur
238 1100 390 1173 primitus
420 1101 501 1160 duas
535 1115 693 1160 consonas
731 1100 782 1178 (iq
814 1099 866 1160 vel
898 1104 943 1178 σρ)
977 1100 1129 1161 habuisse
1163 1099 1335 1178 praelixas,
1369 1103 1429 1164 for·

154 1215 245 1260 marn
265 1201 363 1274 igitur
382 1199 482 1280 ἔρρηξε
506 1203 694 1275 similesque
718 1217 759 1262 ex
783 1199 889 1280 &isnin
913 1205 973 1262 etc.
998 1205 1087 1263 ortas
1110 1218 1192 1278 esse,
1215 1218 1360 1264 necnon
1376 1204 1428 1265 ad·

154 1303 346 1364 iectivorum
370 1303 565 1381 φιλομμειδής
589 1307 622 1364 et
645 1301 811 1383 ἀγάννιφος
844 1305 1000 1377 liquidam
1023 1304 1219 1378 duplicatam
1244 1321 1286 1366 ex
1309 1306 1428 1367 harum

155 1422 272 1467 vocum
298 1409 420 1482 origine
444 1423 516 1468 esse
539 1407 759 1483 repetendam,
781 1407 883 1467 fuisse
905 1407 991 1466 enim
1012 1407 1193 1480 antiquitus
1209 1407 1429 1485 φιλο-σμειδής,

153 1504 340 1586 ‹lyd-cvlpae.
365 1510 470 1570 Etiam
496 1508 631 1568 verbum
651 1507 796 1584 λίσσομαι,
821 1508 904 1581 quod
924 1523 965 1568 ne
985 1509 1017 1567 in
1038 1508 1123 1568 thesi
1143 1509 1272 1581 quidem
1292 1509 1427 1571 brevem

153 1626 285 1671 manere
309 1613 387 1673 sinit
409 1611 555 1672 vocalem
577 1610 833 1685 praecedentem,
857 1624 970 1669 revera
994 1623 1013 1668 a
1032 1610 1157 1669 duabus
1176 1611 1328 1671 consonis
1344 1612 1425 1672 anti·

153 1713 263 1785 quitus
293 1715 436 1788 coepisse
466 1714 535 1772 iure
568 1727 626 1771 suo
659 1712 833 1785 contendit,
857 1711 933 1771 licet
956 1711 1120 1784 ignoretur
1143 1725 1305 1784 quaenam
1328 1711 1426 1773 inter·

153 1814 265 1873 ciderit
297 1830 437 1875 consona
468 1814 501 1884 ²).
533 1814 676 1886 Denique
703 1810 866 1889 ἀπολλῆξαι
890 1814 951 1874 etc.
976 1827 993 1872 e
1017 1812 1122 1872 forma
1144 1812 1325 1887 antiquiore
1349 1810 1425 1874 duo

152 1915 254 1989 σλῆξαι
283 1916 439 1989 prodiisse
471 1914 620 1976 credibile
651 1916 703 1974 est
725 1910 758 1988 ³),
790 1915 823 1974 et
854 1910 942 1973 εὔαδε
966 1914 1047 1984 (sive
1070 1910 1194 1984 ἕΗαδε)
1218 1914 1298 1974 olim
1321 1915 1424 1978 fuisse

150 2011 273 2074 iterare
307 2017 437 2076 omnino
471 2018 609 2077 constat.
644 2015 705 2076 Sed
740 2015 805 2075 alia
836 2015 991 2075 vocabula
1025 2015 1104 2074 dum
1145 2015 1259 2076 eadem
1296 2017 1422 2078 ratione

151 2117 355 2191 interpretari
385 2133 550 2191 conamur,
583 2117 745 2177 micamue
771 2117 804 2176 in
827 2117 986 2190 tenebris;
1011 2131 1075 2176 non
1098 2117 1166 2176 iam
1188 2117 1353 2191 antiquior
1376 2133 1424 2179 ra·

152 2219 231 2278 dicis
251 2219 364 2295 forma,
385 2220 569 2293 linguarum
596 2220 806 2291 cognatarum
831 2234 889 2292 ope
913 2218 1074 2293 indagata,
1099 2219 1225 2279 ostendi
1248 2221 1359 2294 potest
1382 2221 1423 2281 ad

151 2320 375 2394 explicandam
408 2321 552 2395 syllabae
578 2321 831 2395 productionem,
864 2320 920 2379 sed
951 2336 969 2380 e
999 2320 1206 2394 productione
1239 2321 1329 2395 epica
1354 2321 1424 2383 fieri

151 2422 246 2482 debet
279 2424 462 2483 coniectura
496 2424 535 2483 de
570 2422 686 2482 radicis
720 2422 825 2482 forma
855 2422 1030 2496 primitiva.
1067 2422 1150 2482 Hinc
1184 2437 1226 2482 ex
1261 2423 1421 2485 adiectivo

151 2523 322 2584 Homerico
345 2521 475 2600 ἄλλοφος
499 2525 555 2584 alii
579 2521 709 2603 ἅγλοφος
734 2525 938 2599 extuderunt,
967 2524 1022 2584 alii
1045 2520 1186 2600 ἅσλοφος,
1208 2523 1264 2584 alii
1282 2524 1422 2586 fortasse

151 2624 248 2700 aliud,
273 2628 307 2685 et
329 2627 512 2701 complures
534 2627 720 2687 huiusmodi
739 2626 815 2686 lites
834 2627 1024 2687 interritos
1043 2627 1155 2687 doctos
1174 2628 1252 2687 sunt
1264 2626 1419 2700 agitatae.

148 2728 194 2786 At
223 2742 264 2786 ne
295 2727 343 2787 sic
373 2728 503 2799 quidem
534 2743 648 2788 omnes
678 2729 912 2805 productiones
945 2743 1027 2801 quae
1059 2728 1142 2789 fiunt
1171 2729 1247 2789 ante
1274 2727 1420 2790 litteram

148 2826 314 2902 liquidam,
350 2829 503 2903 explicari
537 2831 727 2904 potuerunt;
762 2845 840 2890 nam
866 2830 900 2889 in
923 2827 1049 2906 ἔμμαθε,
1079 2827 1126 2889 ivi
1153 2827 1317 2909 μεγάροισι,
1341 2828 1422 2907 μάλα

148 2928 258 3008 μεγάλη
294 2945 376 3002 quae
409 2930 541 2990 tandem
573 2931 682 2990 littera
716 2933 791 2991 ante
829 2931 984 3004 liquidam
1020 2932 1151 3005 perierit
1181 2945 1278 2992 nemo
1314 2931 1420 2993 dicere

148 3030 270 3104 potuit;
304 3034 338 3091 et
367 3033 478 3092 tamen
508 3033 645 3092 ducentia
679 3033 746 3093 fere
775 3033 854 3093 locis
885 3036 961 3093 ante
988 3029 1117 3112 μέγαρον
1141 3034 1174 3093 et
1196 3029 1287 3111 μέγας
1311 3033 1420 3094 brevis

146 3131 268 3191 vocalis
300 3133 495 3208 producitur,
530 3136 568 3194 ut
598 3135 723 3207 egregie
758 3135 909 3208 exposuit
945 3149 1006 3194 von
1022 3134 1136 3195 Hartel
1166 3133 1199 3193 in
1235 3134 1419 3196 studiorum

146 3232 391 3293 Homericorum
416 3235 517 3294 initio,

190 3334 251 3394 Sed
281 3335 332 3396 iac
362 3335 400 3395 de
431 3337 581 3396 omnibus
613 3337 787 3412 vocabulis,
821 3353 960 3410 quorum
992 3338 1101 3398 littera
1125 3337 1247 3410 liquida
1271 3338 1418 3407 vocalem

145 3450 369 3509 praegressam
404 3438 559 3512 producit,
595 3440 743 3499 constare
777 3439 810 3498 id
845 3440 929 3511 quod
961 3440 999 3499 de
1032 3439 1250 3513 compluribus
1285 3455 1418 3501 summe

144 3536 289 3597 sollertia
319 3538 555 3598 demonstravit
582 3539 808 3616 Hoffmannus,
840 3542 958 3602 radicis
989 3542 1081 3603 initio
1105 3540 1182 3602 olim
1206 3541 1289 3602 duas
1316 3541 1418 3603 fuisse

143 3653 310 3714 consonas,
345 3639 395 3700 fac
430 3641 531 3701 fuisse
564 3638 711 3720 σμέγαρον
734 3657 763 3701 v.
788 3658 815 3703 o.
841 3645 873 3702 et
904 3640 1032 3722 κμέγας;
1067 3678 1108 3687 -
1144 3644 1220 3717 quid
1251 3643 1318 3704 iam
1349 3658 1417 3720 pro·

147 3820 365 3828 ———

176 3934 196 4002 ¹)
213 3940 293 3986 Tertii
317 3940 389 3986 verbi
415 3941 523 3988 sormam
550 3944 685 4003 pristinam
708 3959 758 3992 non
783 3941 864 3993 ofadw
885 3948 973 4008 fuisse,
992 3948 1061 4007 quod
1078 3950 1187 4008 putabat
1203 3951 1353 4013 Hoffmann,
1369 3951 1416 4000 sed

142 4021 214 4064 ισεύω
240 4022 318 4078 (qudo
336 4045 368 4052 -
387 4024 472 4080 κγεύω),
497 4022 574 4069 hodie
600 4027 717 4070 statuunt
742 4026 791 4071 viri
814 4026 891 4087 docti,
915 4027 966 4073 vid.
989 4029 1136 4086 Bmgmann
1154 4043 1191 4089 gr.
1210 4031 1324 4078 Grsmm.
1341 4032 1356 4091 5
1375 4033 1415 4088 88,

142 4097 334 4144 Kirhner·Blass
351 4099 364 4144 1
381 4100 394 4157 ᾗ
414 4102 444 4146 19
462 4101 535 4147 Anm.
554 4103 577 4148 3.
595 4103 705 4162 Vogrinz
724 4107 808 4152 tamen
826 4107 893 4152 hom.
911 4108 1024 4154 Gramm.
1043 4122 1068 4168 p.
1084 4109 1115 4155 97
1132 4109 1315 4158 Hoffmannum
1330 4112 1414 4172 sequi·

141 4178 190 4222 tur.
208 4176 411 4225 -Adiectirum
433 4185 576 4242 φιρεσσακιγς
601 4183 721 4240 primitus
744 4179 904 4249 φερε-τὲακής
930 4189 1047 4234 sonuisse
1072 4187 1129 4234 ooll.
1155 4189 1256 4236 Sansor.
1284 4192 1339 4237 tuac
1354 4188 1415 4237 eutis

142 4255 230 4301 docuit
247 4257 274 4303 1.
293 4257 391 4317 Meyen
410 4260 442 4305 cf.
461 4260 571 4306 Schulze
589 4262 691 4317 Quaest.
710 4264 756 4323 Ep.
775 4278 799 4323 p.
819 4266 858 4310 20.

175 4332 195 4392 ²)
214 4338 335 4392 γλίσσομαι
359 4336 438 4383 fuisse
460 4342 535 4398 putat
559 4340 704 4402 Hoffmann,
721 4333 853 4401 ,Ρλὶσσομαι
872 4345 961 4392 anes
978 4346 1086 4393 Miscell.
1104 4347 1159 4393 orit.
1177 4360 1202 4406 p.
1225 4349 1281 4409 160,
1299 4349 1346 4409 qui
1362 4350 1412 4410 pri·

142 4426 200 4459 mus
217 4414 283 4460 hano
300 4429 354 4461 rem
372 4417 470 4475 tetigit;
487 4419 555 4465 huno
574 4421 691 4478 sequitur
709 4421 778 4482 rien,
795 4422 841 4469 sed
858 4429 981 4483 σλίσσομαι
997 4425 1132 4486 pristinam
1146 4439 1203 4473 esse
1217 4427 1291 4475 verbi
1305 4429 1412 4477 formam

141 4496 200 4551 post
217 4492 280 4539 alios
297 4495 388 4541 statuit
404 4496 514 4543 Sehulzo
533 4498 636 4554 Quaest.
654 4500 702 4559 Ep.
720 4513 746 4559 p.
765 4503 821 4547 413.

175 4568 196 4633 3)
214 4573 243 4618 L.
261 4574 348 4632 Meyer
365 4575 491 4622 Bezzenb.
509 4578 587 4624 Beitr.
606 4579 640 4624 VI
658 4580 706 4625 305
726 4581 826 4627 confert
842 4582 915 4641 ingl.
933 4581 1007 4630 elaclc.
