3120 5124
755 421 814 464 XIV

181 593 216 649 ll.
236 593 333 650 Flacb
353 595 406 650 das
426 592 618 650 dialektisohe
638 592 795 659 Digamma
815 592 867 647 des
887 590 1044 662 Hesiodos,
1066 591 1164 648 Berlin
1187 592 1273 648 1876.

183 715 326 722 --
351 687 397 742 die
414 686 518 741 beiden
538 684 666 740 61166166
686 682 917 740 Η6666611111166
939 685 992 739 des
1012 684 1133 754 Hesiod,
1154 685 1274 754 Leipzig
1295 685 1382 740 1817.

180 780 215 836 11.
245 792 310 837 van
340 777 533 835 llerwerden
565 776 812 845 Quaestiunculas
843 777 942 845 opicae
973 779 1004 832 et
1034 777 1189 847 elegiacee,
1221 778 1345 834 Traiecti
1377 777 1413 832 ad

220 873 359 929 Rhenum
383 873 469 928 1816.

181 964 211 1022 G.
233 964 266 1021 6.
287 963 384 1020 cobet
404 963 590 1019 Miscellanea
610 962 710 1017 critica
731 967 758 1026 (e
780 961 974 1030 Mnemosyne
994 963 1111 1027 iterata)
1135 963 1220 1018 1878.

179 1065 213 1121 ll.
224 1064 246 1120 l.
257 1064 364 1131 Haupt
375 1066 410 1119 de
421 1064 576 1118 nominum
588 1062 618 1117 in
628 1057 693 1130 -εύς
704 1061 881 1117 exeuntium
891 1061 1020 1117 flexione
1026 1062 1192 1128 Homerica,
1201 1062 1316 1130 Lipsiae
1328 1063 1413 1117 1883.

178 1162 209 1218 F.
231 1160 329 1218 Weck
350 1161 544 1217 Homerisobe
566 1158 838 1228 Personennamen,
861 1158 937 1214 Meta
960 1158 1046 1214 1886.

179 1254 209 1311 J.
230 1254 267 1310 11.
289 1252 457 1321 lloogvllet
479 1252 579 1307 studia
596 1250 763 1320 Homerica,
785 1251 876 1318 bugd.
898 1251 963 1306 Bat.
987 1251 1074 1306 1886.

471 1343 699 1402 Grammaticale
719 1343 881 1412 raadselen,
903 1343 1012 1400 Loiden
1034 1346 1120 1400 1892.

180 1440 248 1497 166.
259 1439 391 1497 11611166
401 1442 436 1496 (16
451 1435 661 1494 6661166116616
672 1437 703 1491 61
713 1437 887 1504 synizeseos
899 1450 957 1491 usu
969 1436 1136 1508 Homerico,
1148 1437 1319 1495 Monachiae
1327 1438 1413 1493 1888.

180 1533 235 1601 Ty.
263 1533 436 1589 Mommsen
457 1532 596 1597 Beitrage
618 1544 655 1584 zu
676 1530 727 1584 der
748 1529 841 1585 Lehre
861 1544 921 1585 von
942 1531 998 1585 den
1020 1531 1222 1598 griechischen
1241 1529 1415 1598 Praposmo·

220 1641 288 1696 nen,
310 1624 471 1682 Frankfurt
491 1638 518 1679 a.
541 1623 577 1678 M.
602 1622 688 1677 1886.

180 1719 209 1776 8.
232 1717 428 1775 sobolewskl
449 1719 484 1773 de
506 1715 760 1785 praepositionum
781 1728 840 1769 usu
859 1715 1087 1785 Aristophaneo,
1109 1715 1249 1784 llosquae
1272 1715 1358 1771 1890.

180 1810 229 1867 W.
250 1810 382 1867 schulze
402 1809 599 1879 Quaestiones
622 1808 730 1876 opicae,
753 1807 967 1864 Gueterslohae
989 1809 1075 1865 1891.
1280 1879 1285 1889 ⁸

180 1902 350 1970 11111611
368 1902 545 1960 Gesohiohte
565 1901 617 1955 des
638 1912 802 1967 pronomen
824 1900 1008 1970 teterrinum,
1031 1900 1199 1969 wirzburg
1222 1902 1307 1957 1892.

181 2113 337 2169 Praeterea
364 2128 422 2181 que
450 2114 570 2169 decebat
599 2126 670 2167 cura
693 2111 834 2179 perpendi
856 2125 931 2178 quae
953 2112 1137 2179 scripserunt
1158 2113 1212 2167 viri
1232 2112 1309 2167 docti
1330 2110 1365 2166 X.
1387 2110 1420 2168 S.

142 2211 263 2268 Kentos
280 2214 311 2268 in
331 2209 448 2288 Λογίου
462 2203 576 2286 Ἑρμοῦ
596 2211 746 2265 volumine
765 2210 787 2280 l,
807 2209 862 2265 111.
887 2210 994 2278 Bergk
1011 2212 1041 2267 16
1059 2212 1164 2267 Rhein.
1182 2212 1418 2282 11666661Ιὸ83,

142 2309 177 2365 11.
204 2322 269 2366 van
297 2306 490 2364 llerwerden
518 2308 549 2362 in
576 2308 678 2363 Revue
705 2309 740 2363 de
765 2308 925 2377 Philologie
948 2310 1034 2378 1881,
1056 2310 1134 2364 idem
1156 2309 1235 2365 618.
1256 2308 1291 2364 Δ.
1312 2308 1419 2365 1161161

141 2403 172 2457 16
193 2403 397 2470 Mnemosyne,
419 2399 466 2456 W.
477 2398 558 2456 Leaf
575 2401 605 2455 in
623 2401 746 2456 Journal
764 2401 796 2456 oi
811 2401 965 2471 Philology
985 2402 1071 2471 1885,
1091 2400 1126 2457 A.
1144 2401 1231 2457 Platt
1248 2401 1279 2457 in
1296 2401 1417 2457 Journal
1496 2391 1500 2400 '

143 2493 174 2548 of
191 2493 345 2561 Philology
370 2493 455 2562 1889,
479 2493 565 2562 1890,
590 2494 665 2548 1891
685 2495 716 2549 61
736 2494 874 2550 Classical
892 2495 1001 2550 review
1023 2495 1108 2563 1888,
1127 2493 1211 2549 suth
1227 2495 1257 2550 in
1276 2493 1419 2562 Philologi

142 2586 292 2641 volumine
314 2584 462 2652 XXXIX,
478 2583 510 2639 Ε.
531 2583 630 2640 1111161
651 2586 682 2640 16
704 2586 813 2642 Herme
834 2588 920 2657 1886,
939 2585 987 2642 W.
1005 2585 1136 2642 schulze
1153 2587 1184 2642 in
1201 2585 1312 2643 Herme
1332 2587 1418 2655 1886,

141 2678 219 2733 idem
241 2679 271 2733 et
292 2677 323 2733 1..
344 2676 451 2744 leyen
472 2679 502 2731 et
521 2675 551 2731 J.
569 2676 808 2745 Wackernagel
832 2679 863 2734 in
881 2680 990 2734 Kuhns
1009 2677 1178 2734 zeitschrift
1195 2680 1226 2734 et
1247 2680 1276 2734 in
1294 2680 1418 2735 Bezzen-

142 2771 264 2838 bergers
284 2771 430 2838 Beitriige,
452 2768 483 2824 1³.
506 2768 592 2824 Stolz
611 2770 642 2823 in
660 2770 779 2826 Wiener
798 2770 921 2826 Studien
941 2773 1027 2843 1890,
1046 2789 1100 2829 666
1118 2773 1218 2828 dubito
1236 2773 1307 2841 quin
1323 2786 1418 2828 unum

144 2865 175 2918 et
202 2862 328 2918 alterum
351 2863 401 2930 qui
422 2863 701 2918 commemorandus
729 2865 793 2918 erat
820 2879 899 2919 nuno
921 2867 1165 2932 praetermittam.
1188 2866 1319 2933 Denique
1340 2865 1418 2921 adhi-

144 2956 194 3010 bui
215 2955 322 3010 librum
350 2954 518 3011 scholarum
540 2955 571 3009 in
591 2969 681 3009 usum
703 2956 740 3010 ab
761 2957 856 3011 amico
878 2955 914 3012 11.
936 2956 969 3012 Β.
990 2956 1115 3013 11611666
1137 2957 1180 3013 (16
1200 2957 1297 3014 costa
1320 2960 1351 3014 61
1371 2973 1418 3015 me

144 3047 257 3102 editum
274 3047 326 3102 het
345 3046 492 3115 taaleigen
514 3049 564 3102 der
585 3047 780 3103 Homeriscbe
802 3049 958 3117 gediohton
981 3051 1305 3115 1161666188816611
1330 3051 1417 3117 1893)

146 3142 176 3194 61
196 3140 465 3195 commentationes
487 3154 562 3207 quas
581 3141 647 3208 ipse
667 3140 880 3209 Mnemosynae
901 3143 1014 3198 inserui
1035 3145 1122 3200 annis
1146 3143 1352 3200 1886-1892.
