3120 5124
862 391 905 435 LII

244 565 323 650 αὐτῷ
353 563 561 644 rapinarum.
585 562 677 623 Unde
701 563 832 637 signum
856 565 1007 624 crItieum
1032 566 1170 642 aliquod,
1196 569 1248 628 oui
1271 564 1377 646 ἄλογος
1398 584 1518 630 nomen

241 673 340 746 esset,
370 667 546 730 commenti
579 668 657 725 sunt
687 666 892 742 recentiores
922 667 1023 727 Lebrs
1046 674 1158 728 autem
1182 668 1294 729 111611.
1319 686 1349 744 p.
1374 672 1438 730 346
1461 686 1517 743 pro

242 788 319 834 voce
351 768 447 854 ἀλόγῳ
479 768 575 828 scribi
606 767 703 827 iussit
734 761 849 844 ὀβελόν,
881 782 978 840 quem
1011 772 1143 830 secutus
1167 774 1217 831 est
1240 771 1393 831 Ludwicb
1416 773 1516 832 Arist.

241 876 256 935 Ι
288 891 317 949 p.
347 875 386 933 21
413 874 539 943 annot.;
571 869 651 929 mibi
678 883 754 928 vero
777 883 858 928 sana
884 870 1034 930 videntur
1059 871 1157 931 verba
1180 872 1308 948 tradita,
1334 873 1382 932 sic
1405 876 1516 934 autem

239 974 496 1050 interpretanda:
524 985 657 1046 ,versus
681 970 812 1043 spurtus
835 970 867 1028 in
891 972 1069 1043 posteriore
1094 973 1273 1033 Aristarchi
1294 974 1432 1034 editione
1452 989 1515 1034 non

244 1077 388 1153 ,deletus
415 1076 485 1134 erat
504 1072 560 1132 sed
580 1072 647 1131 ita”
669 1073 701 1130 in
723 1085 778 1131 ora
798 1071 909 1144 opinor
929 1071 1078 1133 inferiore
1095 1074 1295 1148 ,adscriptus
1308 1078 1345 1134 ut
1357 1076 1518 1148 legeretur

244 1178 393 1255 ,quidem
412 1176 469 1236 sed
488 1189 551 1233 non
572 1173 819 1232 numeraretur’'
836 1170 866 1242 ¹).
891 1173 928 1232 in
954 1173 1011 1233 1118
1034 1174 1133 1247 igitur
1152 1177 1269 1249 pagina
1293 1192 1407 1236 versus
1424 1179 1517 1237 erant

240 1280 361 1353 XXIII,
393 1278 448 1350 qui
478 1291 535 1350 pro
565 1274 689 1335 duobus
716 1277 749 1333 et
773 1274 887 1346 viginti
911 1277 1176 1352 numerabantur,
1201 1293 1286 1337 unus
1311 1279 1398 1338 enim
1422 1281 1517 1338 extra

240 1383 385 1443 ordinem
408 1380 478 1440 erat
501 1378 658 1449 receptus.
683 1375 795 1436 Simile
819 1377 894 1449 quid
917 1377 956 1437 de
981 1393 1078 1438 versu
1102 1401 1121 1437 α
1145 1381 1208 1439 124
1242 1380 1419 1453 aDidymo
1444 1396 1518 1441 esse

241 1486 407 1556 traditum,
431 1482 555 1556 primus
577 1477 739 1538 intellexit
761 1479 931 1552 Ludwlch3
957 1476 989 1538 ἕν
1011 1488 1047 1562 τῇ
1072 1483 1221 1563 Ἀργολικῇ
1244 1478 1452 1557 προστέθειται
1477 1483 1517 1543 de

240 1587 295 1647 illo
328 1600 423 1646 versu
453 1582 565 1642 scribit
596 1579 763 1654 Didymus,
787 1581 819 1638 in
844 1579 992 1653 Argolico
1016 1582 1115 1654 igItur
1138 1582 1219 1642 libro
1246 1599 1360 1643 versus
1384 1584 1515 1657 spurius

241 1687 422 1760 adscriptus
446 1683 589 1742 extabat.

852 1857 908 1916 III.

287 2011 436 2072 Carmina
470 2009 560 2082 spica
589 2008 749 2080 quomodo
780 2011 866 2083 nata,
897 2011 1057 2081 quomodo
1089 2010 1129 2070 81
1160 2014 1306 2085 posteros
1339 2016 1515 2086 propagata

241 2116 316 2189 sint,
340 2112 503 2172 succincte
522 2111 644 2169 ettam
664 2112 812 2170 accurate
833 2125 931 2183 quam
952 2111 1069 2172 licebat
1090 2128 1239 2174 enarrare
1260 2115 1366 2174 conati
1388 2130 1514 2175 sumus

241 2216 395 2290 Superest
416 2216 453 2273 ut
478 2212 646 2271 videamus
670 2212 828 2284 quomodo
851 2213 892 2272 iis
917 2213 968 2272 usi
990 2215 1057 2273 sint
1082 2217 1218 2275 veteres.

286 2317 372 2393 Quae
397 2316 488 2374 vates
512 2314 633 2373 vetusti
656 2312 735 2372 olim
758 2314 946 2386 aequalibus
970 2316 1162 2391 cecinerant,
1188 2317 1392 2377 volventibus
1417 2320 1512 2378 annis

244 2417 415 2480 venerabili
446 2415 620 2475 vetustatis
651 2415 803 2487 aerugine
833 2418 910 2475 sunt
941 2416 1094 2490 obducta;
1119 2419 1244 2478 sensim
1268 2434 1331 2479 non
1355 2417 1431 2479 ficta
1454 2421 1511 2481 sed

243 2536 328 2595 vera,
355 2533 417 2578 non
442 2517 544 2576 veloci
566 2515 694 2588 ingenio
717 2516 901 2588 excogitata
924 2518 982 2578 sed
1005 2518 1201 2592 gravissima
1224 2519 1384 2592 sapientia
1408 2522 1512 2596 eruta,

241 2638 304 2682 non
339 2621 378 2681 ad
408 2617 613 2679 delectandos
635 2616 692 2675 sed
715 2616 756 2676 81
787 2617 945 2677 16661166
970 2619 1118 2679 homines
1141 2620 1320 2694 composita
1344 2636 1417 2680 esse
1442 2623 1512 2681 visa

241 2725 327 2797 sunt,
358 2734 503 2794 quaeque
533 2718 587 2792 pia
616 2717 829 2777 admiratione
861 2719 1042 2779 colerentur
1074 2723 1107 2781 et
1139 2723 1248 2781 mente
1276 2723 1382 2781 tenaci
1405 2738 1510 2783 serva·

239 2827 351 2886 rentur
373 2823 465 2881 unice
488 2820 584 2892 digna
610 2851 650 2861 -
673 2821 1274 2893 16168111161166111111161168116811
1296 2822 1380 2896 quod
1400 2823 1511 2896 pulcra

240 2928 350 2987 essent
380 2926 477 2996 atque
507 2920 655 2994 Iucunda,
682 2920 739 2978 sed
762 2920 846 2992 qnod
869 2937 979 2981 rerum
1003 2923 1082 2982 olim
1105 2931 1273 2995 gestarum
1296 2923 1395 2984 fidam
1420 2940 1508 2985 enar·

240 3028 398 3088 rationem
423 3021 658 3084 continentiae
683 3021 907 3082 vetustissimo
931 3039 1012 3084 aevo
1035 3027 1252 3097 superessent.

285 3128 384 3205 Quale
404 3125 563 3186 mentium
583 3125 878 3197 temperamentum
899 3125 972 3185 inde
993 3142 1012 3186 a
1032 3126 1158 3186 Solonis
1173 3127 1318 3200 tempore
1331 3126 1509 3186 obtinuisse

240 3230 414 3291 ostendunt
442 3241 524 3300 quae
552 3224 656 3285 relata
678 3225 863 3299 accepimus
886 3226 924 3286 de
948 3228 1147 3287 carminibus
1170 3227 1269 3300 epicla
1293 3227 1510 3287 Panathenae-

240 3347 333 3394 orum
360 3330 443 3390 16616
465 3327 591 3402 publice
614 3326 684 3386 eius
708 3342 784 3387 cura
807 3328 962 3388 recitatis
988 3329 1082 3388 Pueri
1106 3330 1217 3388 autem
1242 3328 1315 3388 inde
1338 3344 1358 3389 a
1380 3330 1510 3390 tenerri-

240 3435 304 3494 mis
324 3432 417 3492 annis
437 3431 476 3491 ils
495 3429 722 3489 imbuebantur
743 3429 775 3503 ²),
796 3432 829 3489 et
849 3431 926 3490 nota
946 3433 997 3490 est
1017 3430 1134 3490 iabella
1153 3430 1192 3491 de
1211 3431 1375 3492 Alcibiade
1394 3433 1510 3493 iuvene

240 3549 372 3596 summa
405 3548 481 3592 cum
515 3530 733 3604 indignatione
767 3531 799 3589 in
835 3530 1098 3604 ludimagistrum
1130 3532 1258 3592 invecto
1290 3532 1416 3592 nullum
1449 3534 1509 3592 sibi

240 3636 431 3710 mseriptum
474 3633 682 3693 Homericum
720 3647 793 3691 esse
828 3632 1092 3702 6611116116111).
1129 3633 1361 3694 adolescentes
1398 3636 1510 3695 antem

275 3839 366 3903 ¹)on
385 3842 463 3900 igitur
480 3843 562 3899 diere:
583 3855 633 3888 uon
657 3843 697 3888 661
720 3842 864 3888 subiectum
882 3854 966 3900 neque
984 3842 1137 3888 substantivi
1155 3842 1210 3889 obit
1227 3843 1318 3899 vicem,
1340 3843 1386 3890 661
1404 3844 1509 3891 6116611-

240 3921 681 3981 11111661ρ16611661111111,σι1χος
704 3925 789 3967 autern
813 3922 942 3967 enunciati
966 3924 1005 3967 est
1026 3921 1171 3968 subiectum
1178 3933 1184 3976 ;
1202 3935 1343 3981 pronomen
1366 3925 1429 3986 αὐτῷ
1449 3936 1510 3970 vero

240 4014 290 4047 non
307 4000 341 4045 ad
358 4005 440 4058 calles
463 3997 508 4044 sed
526 3998 558 4045 ad
575 3997 742 4046 Aristarchum
761 4001 801 4045 est
818 4000 991 4047 referendum.

273 4076 295 4144 ¹)
312 4077 335 4132 ἒξ
352 4079 427 4141 doli:
443 4077 498 4124 καθ’
513 4076 613 4140 ’Όμηρον
631 4079 679 4122 tart
696 4082 847 4136 μεμαθήκασι
875 4082 964 4132 πάντες,
984 4080 1155 4139 Xenophanes
1173 4080 1243 4139 apud
1263 4080 1437 4127 Herodianum
1458 4083 1509 4145 napi

240 4160 301 4222 διχρ.
324 4171 349 4218 p.
372 4159 420 4204 866
434 4156 523 4202 Labra.
543 4181 574 4188 —
591 4156 657 4201 Hinc
675 4157 779 4202 Homeri
801 4157 949 4204 laudatores
970 4158 1056 4205 dicere
1073 4159 1191 4206 solebant
1208 4162 1238 4212 1,·
1254 4160 1295 4217 τὴν
1308 4160 1409 4206 ‘macta
1426 4167 1510 4209 urnul-

240 4238 319 4282 δευκεν
337 4233 403 4289 οὗτος
420 4238 432 4281 o'
448 4240 548 4295 ποιητής,
566 4238 632 4282 testo
650 4235 756 4282 Platone
774 4238 836 4296 Bep.
856 4239 925 4284 6066.

272 4313 377 4378 Ι111111.
404 4316 484 4362 Alcib.
510 4329 535 4375 p.
556 4314 676 4362 1641-
695 4317 834 4362 Homerum
859 4320 989 4364 mortuum
1016 4318 1097 4363 multa
1119 4318 1252 4364 homInum
1276 4318 1348 4364 milla
1372 4318 1509 4364 nutrivisse

239 4391 277 4456 (tn
303 4409 333 4442 eo
356 4395 523 4442 describendo
546 4395 676 4441 rscltando
699 4396 849 4454 explicando
872 4391 1022 4456 occupatos)
1048 4397 1080 4443 ad
1098 4397 1283 4457 Xenophanem
1300 4399 1391 4457 poetae
1409 4397 1509 4443 obtrec-

239 4476 335 4520 tantem
351 4474 455 4528 dixisse
479 4475 560 4520 sertur
582 4474 659 4520 Hiero
683 4473 752 4532 apud
769 4475 836 4520 Plut.
862 4475 926 4521 Mor.
944 4489 968 4534 p.
988 4476 1063 4532 ll5c;
1080 4476 1241 4534 probabilius
1258 4476 1406 4523 Ptolemaeo
1422 4476 1508 4522 Phila·

239 4552 333 4611 delpho
350 4554 448 4599 Zoilum
465 4553 620 4612 vituperanti
638 4552 801 4600 bendictum
819 4554 909 4600 tribuit
927 4554 1058 4600 Vitruvius
1076 4554 1124 4600 vn
1141 4555 1222 4614 praei.
