3120 5124
770 430 835 493 438
1316 430 1341 504 [5
1358 432 1399 494 191

167 617 221 682 3ου
249 624 274 680 Β
297 623 361 683 325
385 644 404 679 ο
430 623 470 681 70
493 622 523 681 h.
548 620 607 694 Ap.
635 621 708 695 156,
731 618 763 678 id
786 619 819 678 in
845 616 877 677 ὅο
902 618 1048 678 maximo
1073 633 1235 679 consensu
1259 621 1402 680 conectunt

166 726 217 784 est
248 724 298 795 (cf.
330 721 349 799 β
382 725 444 792 59).
476 722 647 782 Praeterea
677 713 854 781 relativum
886 720 925 780 ad
957 716 1067 800 έέργον
1099 736 1201 794 quam
1223 721 1264 782 ad
1285 717 1403 797 φνέέττέσ

165 825 276 886 referri
306 822 420 899 malis;
449 823 585 896 denique
609 818 783 900 ἐράασθε
805 822 950 896 pessima
974 824 1024 882 est
1047 822 1152 883 forma
1175 837 1232 897 pro
1255 817 1352 902 ἔρεσθε
1369 819 1404 891 ici.

164 927 184 1005 5
208 927 306 998 305⁴).
330 927 394 987 Vix
416 926 561 999 praestat
584 924 666 996 quod
691 925 794 985 metro
818 923 920 983 invito
940 923 974 984 P.
996 924 1121 998 Knight
1141 924 1242 986 edidit
1262 922 1294 984 ὅσ
1312 922 1341 984 τέ
1355 921 1404 1001 aab

163 1024 187 1109 γ’
221 1027 360 1107 έράεσθες
390 1025 508 1087 melius
541 1027 592 1086 est
616 1025 699 1099 quod
723 1024 835 1085 Nauck
857 1026 1024 1099 proposuit
1047 1023 1081 1085 ὅο
1105 1019 1223 1106 ττρένρῖ
1251 1022 1405 1105 ἠγάσσσσνες

164 1129 271 1190 Christ
304 1127 444 1204 praefert
475 1127 631 1188 leniorem
663 1126 893 1187 correctionem
925 1123 959 1185 ὅο
990 1124 1125 1204 τρέσθεν
1155 1120 1180 1207 γ’
1212 1124 1344 1206 ἐράασθε,
1364 1124 1405 1186 sed

164 1231 252 1291 addit
285 1229 548 1290 recentissimum
582 1245 654 1290 esse
688 1229 795 1289 locum
830 1241 933 1301 neque
965 1227 1065 1301 igitur
1094 1230 1288 1290 tentandum
1316 1227 1404 1297 rideri

163 1347 266 1406 neque
300 1331 395 1392 aliter
428 1330 584 1390 iudicavit
617 1329 703 1390 Fick.
737 1331 783 1389 At
815 1343 960 1402 unquam
996 1344 1016 1389 a
1046 1329 1188 1407 Graecis,
1220 1332 1275 1405 qui
1303 1330 1403 1404 quidm

163 1435 283 1495 Graece
316 1433 437 1493 scirent
470 1434 504 1492 et
537 1432 643 1492 artem
678 1431 834 1492 callerent
868 1431 1077 1491 hexametros
1111 1433 1282 1510 pangendi,
1311 1433 1404 1493 dictura

163 1552 235 1598 esse
266 1531 316 1613 ἕης
339 1549 394 1610 pro
418 1524 464 1611 ἧς,
489 1534 521 1594 id
545 1535 673 1594 credere
697 1536 815 1595 durum
838 1534 906 1609 est;
932 1536 1126 1607 quapropter
1148 1534 1250 1594 etiam
1272 1535 1304 1595 in
1325 1535 1405 1594 Patro

163 1637 251 1698 oleae
282 1638 341 1697 bac
371 1638 473 1713 parte,
505 1651 587 1710 quae
618 1651 690 1697 sero
717 1636 809 1696 Iliadi
833 1636 958 1696 inserta
982 1650 1054 1696 esse
1078 1635 1216 1711 videtur,
1242 1635 1407 1697 correctione
1473 1662 1476 1707 t

161 1738 285 1812 indiget
314 1753 429 1798 versus
459 1739 530 1798 tam
562 1737 652 1798 foede
683 1739 852 1813 corruptus
875 1740 912 1796 ut
934 1751 954 1796 a
977 1737 1117 1813 nemine,
1141 1737 1205 1797 nisi
1229 1737 1310 1798 forte
1330 1734 1408 1806 aBy·

162 1839 291 1899 nantino
321 1839 428 1912 aliquo
466 1839 607 1915 homine,
639 1840 746 1899 sicut
769 1854 854 1898 nunc
877 1838 995 1912 legitur
1017 1838 1159 1912 potuerit
1182 1838 1288 1900 scribi.
1311 1838 1414 1898 Verum

161 1955 331 2001 revocasse
354 1955 413 2001 nos
435 1955 606 2015 speramus
629 1940 834 2002 rescribendo

338 2039 505 2117 φυλόπιδος
527 2038 672 2122 ,Ρέργον
698 2040 879 2121 μεγάλης,
897 2048 964 2112 τοῦ
986 2039 1058 2119 πρίν
1080 2060 1151 2119 περ
1175 2039 1331 2120 ἔρασθε.

161 2143 341 2205 Particulae
370 2141 442 2221 τρίν
468 2163 522 2221 τερ
547 2144 647 2205 etiam
672 2145 700 2201 Ε
726 2146 786 2204 135
812 2144 845 2203 et
871 2143 896 2203 Θ
918 2144 981 2203 452
1006 2142 1201 2218 iunguntur;
1221 2158 1320 2218 quam
1339 2141 1431 2204 facile

161 2247 272 2306 autem
302 2243 430 2306 litterae
463 2244 876 2305 ΤΟΠΡΙΝΠΕΡΕΡΑΣΘΕ
905 2245 939 2304 in
969 2245 1323 2306 ΤΟΠΡΙΝΓΕΡΑΣΘΕ
1345 2245 1422 2321 potu·

160 2348 244 2407 erint
266 2346 353 2407 abire
377 2347 434 2406 vix
457 2347 576 2408 attinet
599 2347 781 2408 observare.

205 2448 418 2508 Communem
447 2450 559 2510 autem
589 2450 747 2523 originem
775 2463 850 2509 cum
873 2448 986 2508 formis
1011 2444 1165 2526 ἀγάασθαι
1190 2445 1331 2528 ἐράασθε,
1353 2463 1425 2522 quas

159 2550 254 2609 modo
286 2550 467 2625 reiecimus,
499 2550 597 2610 habet
627 2551 724 2610 tertia
754 2566 891 2625 persona
921 2545 1096 2628 ὀρέοντο,
1117 2566 1201 2623 quae
1227 2550 1426 2627 reperiturli

159 2650 223 2710 398
248 2650 281 2710 et
309 2652 344 2708 Ψ
364 2651 447 2711 212:

380 2748 537 2822 ἀνστάντες
561 2746 588 2809 δ’
616 2747 778 2830 ὀρέοντο
802 2747 996 2823 κεδασθέντες
1019 2748 1094 2810 κατὰ
1115 2760 1200 2831 νῆας.

380 2848 399 2929 ἣ
424 2848 478 2929 μὲν
501 2846 544 2931 ἄρ’
570 2843 611 2924 ὧς
632 2847 768 2913 feranda
794 2850 968 2932 ἀπεβήσετο,
989 2851 1035 2913 τοὶ
1059 2849 1090 2914 ‹i'
1116 2850 1290 2934 ὀρέοντο.

159 2954 262 3029 Quam
284 2969 347 3014 non
371 2954 506 3029 probam
528 2970 600 3016 esse
623 2954 764 3015 formam
787 2971 863 3015 cum
885 2956 1101 3029 grammatica
1123 2956 1227 3034 docet,
1252 2958 1293 3018 ab
1316 2959 1432 3019 aorisia

159 3056 257 3131 enim,
289 3056 340 3115 cui
371 3051 405 3134 ὀρ
436 3058 487 3117 est
514 3057 615 3133 radix,
649 3058 722 3131 apte
747 3057 860 3118 deduci
886 3058 998 3131 nequit
1019 3058 1070 3128 (cf.
1093 3057 1111 3128 θ
1136 3054 1236 3135 284⁸),
1261 3061 1337 3121 tum
1362 3075 1433 3121 vero

159 3156 276 3216 vitium
299 3156 433 3218 subesse
456 3158 631 3218 ostendunt
653 3158 778 3218 codices
802 3159 886 3219 inter
905 3153 1034 3237 ὀρέοντο,
1053 3154 1183 3238 ὀρέοντο,
1203 3156 1336 3240 ὁρόωντο
1357 3161 1434 3222 vari·

158 3260 262 3318 antes.
294 3257 470 3331 Utrobique
499 3254 651 3335 ὤροντο
683 3259 890 3335 scripsimus;
926 3258 1079 3319 vitiosam
1109 3260 1283 3322 lectionem
1310 3277 1434 3338 pepere-

158 3361 235 3420 runt
265 3359 393 3419 litterae
426 3358 590 3417 ΟΡΟΝΤΟ
619 3360 800 3433 aposteris
824 3359 909 3421 male
932 3359 1127 3438 intellectae,
1152 3363 1200 3424 ita
1222 3365 1260 3424 ut
1284 3359 1434 3444 ὁρῶντο

158 3461 266 3536 legere
288 3460 350 3520 sibi
373 3459 567 3521 viderentur.

204 3564 357 3637 Superest
386 3563 423 3621 ut
453 3562 564 3635 paucis
595 3562 702 3622 verbis
733 3577 871 3636 agamus
902 3564 940 3624 de
973 3565 1097 3625 ratione
1128 3580 1192 3638 qua
1223 3566 1288 3628 Leo
1316 3567 1431 3643 Meyer,

160 3664 306 3739 vestigiis
330 3663 516 3738 Gcettlingii
540 3663 706 3740 insistens,
727 3664 885 3738 originem
905 3665 1093 3742 formarum,
1114 3681 1197 3739 quae
1216 3666 1431 3747 διατεταμένον

159 3767 267 3828 vocari
290 3769 405 3844 solent,
432 3767 602 3839 indagasse
626 3766 688 3826 sibi
711 3766 802 3825 visus
826 3767 886 3842 est,
911 3767 1026 3827 Kubns
1049 3767 1159 3828 Zsohr.
1183 3768 1215 3827 X
1237 3783 1267 3844 p.
1295 3772 1338 3831 45
1361 3786 1428 3845 eqo.

160 3868 311 3931 Concedit
333 3869 506 3930 absurdam
531 3883 603 3929 esse
627 3868 857 3928 distractionem
880 3868 1071 3942 linguaeque
1094 3869 1220 3944 legibus
1243 3886 1429 3949 repugnare,

159 3972 217 4032 sed
244 3973 355 4032 tamen
384 3970 520 4030 minime
543 3970 701 4030 absurdas
725 3971 837 4029 censet
859 3969 981 4030 formas
1004 3971 1195 4032 Homericae
1219 3973 1334 4046 quales
1358 3979 1431 4037 sunt
1461 4007 1476 4026 ι

160 4068 236 4151 ὁρόω
271 4069 382 4151 ὁρέον;
415 4070 647 4133 assimulatione
681 4071 769 4130 enim
803 4071 898 4130 natas
934 4086 1006 4132 esse
1042 4073 1208 4133 contendit
1239 4089 1281 4135 ex
1310 4077 1427 4152 apertis
1459 4086 1476 4128 d

159 4173 272 4233 formis
296 4168 375 4252 ὁράον
399 4169 509 4252 ὁρέειν,
531 4189 595 4234 non
618 4187 695 4233 vero
719 4172 927 4233 distractione
951 4188 992 4233 ex
1016 4168 1075 4251 ὁρῶ
1099 4176 1133 4234 et
1156 4169 1230 4253 ὁρᾶν
1244 4177 1274 4245 ¹).

203 4274 374 4349 Ingeniosa
408 4291 486 4337 sane
522 4274 704 4350 explicatio.
736 4274 774 4334 In
804 4289 867 4347 qua
898 4276 1010 4335 tamen
1040 4276 1156 4336 statim
1186 4277 1297 4338 minus
1325 4272 1476 4353 placet-d

159 4378 242 4447 quod
274 4376 422 4450 analogia
453 4377 648 4437 corroborari
679 4391 775 4451 posse
806 4391 869 4436 non
903 4377 1039 4453 videtur,
1070 4377 1119 4437 ita
1149 4380 1187 4439 ut
1211 4394 1268 4455 pro
1290 4379 1476 4439 terminrc:

193 4607 211 4672 ¹)
229 4610 346 4658 Eundem
364 4625 468 4660 cursum
486 4615 624 4660 tenuerunt
642 4613 754 4668 curtius,
771 4612 900 4671 Mangold,
918 4613 1012 4670 christ,
1029 4614 1143 4669 lieni-ad,
1160 4614 1212 4662 alii.

64 4792 194 4822 a*
