3120 5124
143 409 155 476 ἓ
172 405 194 476 l]
734 402 775 463 45

175 593 244 653 Haec
271 596 445 668 postquam
472 592 707 667 perspeximus,
731 593 853 651 maiore
876 591 992 652 fiducia
1016 596 1152 666 possunt
1175 594 1289 667 corrigi
1314 596 1378 655 alia

147 694 276 768 rambula,
311 710 394 768 quae
433 697 466 754 in
501 694 682 754 Homericis
712 694 915 767 reperiuntur
944 692 1035 753 foede
1065 697 1223 769 corrupta.
1256 696 1380 771 Nempe

146 798 243 856 terum
270 797 453 856 carminum
485 795 648 870 epicorum
671 798 799 855 mature
822 795 1012 854 invaserunt
1035 795 1157 855 formae
1182 797 1305 858 multae
1328 813 1380 858 no·

148 898 242 957 ninum
280 898 453 958 verborum
493 897 735 972 particularum,
779 911 860 969 quas
901 896 1055 956 offerebat
1089 899 1277 970 posterioris
1310 901 1383 960 aevi

148 1013 226 1059 sermo
246 999 459 1071 quotidianus.
491 999 543 1059 Sic
565 999 688 1074 passim
713 999 870 1074 scriptum
895 1002 946 1058 est
969 995 1033 1073 ἕως,
1056 1000 1110 1059 ubi
1131 1003 1227 1075 poeta
1250 1002 1381 1062 dederat

149 1089 188 1175 «1ος
204 1090 273 1175 (boa),
298 1117 326 1162 e.
350 1115 380 1173 g.
406 1101 439 1161 in
462 1101 603 1161 formula
626 1101 891 1173 frequentissima
915 1103 955 1171 (A
982 1102 1043 1160 193
1068 1099 1142 1175 stc.)

246 1225 249 1232 ·
312 1199 367 1273 ἕως
390 1197 407 1261 ὃ
431 1197 516 1261 τοῦθ’
544 1202 673 1281 ὥρμαινε
696 1200 770 1261 κατὰ
794 1199 890 1277 φρένα
914 1199 964 1260 καὶ
986 1200 1060 1260 κατὰ
1083 1202 1194 1280 θυμόν.

150 1301 183 1362 lle
201 1307 324 1364 metrum
357 1305 487 1377 quidem
510 1304 660 1364 obstabat
686 1304 784 1376 igitur
807 1303 980 1376 quominus
1004 1302 1083 1362 talia
1107 1304 1295 1378 irreperent.
1320 1307 1384 1366 Ma.

150 1403 254 1464 niicstus
269 1406 320 1466 bic
343 1409 395 1466 est
417 1422 505 1467 error
527 1415 585 1465 τῶν
609 1404 967 1484 μεταχαροκιηριοάντων,
989 1406 1138 1478 quicum
1158 1408 1252 1481 signa
1273 1410 1382 1469 Attica

151 1508 281 1567 nutarunt
301 1509 334 1567 in
353 1508 571 1568 litteraturam
593 1509 771 1583 vulgarem,
792 1523 855 1567 non
875 1507 1106 1580 intellegebant
1118 1507 1244 1568 litteras
1256 1510 1385 1584 ΗΕΟΣ,

150 1605 267 1667 inlibris
289 1625 309 1669 a
331 1625 367 1669 se
398 1610 558 1684 inventas,
590 1611 675 1685 apud
699 1610 879 1669 Homerum
912 1608 998 1668 aliud
1023 1608 1204 1681 significare
1228 1624 1325 1682 quam
1350 1612 1382 1670 in

150 1707 359 1769 Atheniensium
402 1712 531 1785 scriptis
574 1712 712 1771 vetustis
755 1711 1016 1770 rnonumentisve
1060 1710 1204 1782 publicis.
1244 1711 1313 1771 Nisi
1349 1713 1381 1771 in

151 1807 230 1870 itura
255 1816 363 1872 autem
394 1813 484 1872 nasci
518 1813 573 1872 vix
604 1814 709 1886 potuit
740 1813 798 1871 boc
824 1813 956 1884 vitium;
982 1810 1062 1870 item
1086 1811 1222 1871 aliorum
1250 1815 1382 1874 vocabu·

151 1908 227 1970 lorum
251 1914 465 1988 insolitorum,
496 1915 614 1988 partim
644 1914 694 1974 vel
718 1917 988 1988 portentosorum,
1013 1914 1100 1985 origo
1126 1914 1197 1972 inde
1223 1918 1273 1974 est
1296 1931 1381 1990 repe·

150 2011 234 2088 lende;
255 2016 361 2088 qualia
384 2019 463 2076 sunt
485 2014 583 2086 δείους
607 2016 728 2087 σπείους
752 2024 824 2091 σιιῐμ
844 2014 968 2090 σπήεσσι
987 2022 1093 2091 κρειῶν
1114 2012 1243 2092 ἐυρρεῖος
1264 2014 1382 2093 &alpais

154 2157 192 2166 .—

151 2250 204 2311 plene
223 2260 334 2308 solebant
359 2261 470 2316 exarari;
495 2261 545 2307 vid.
570 2262 584 2319 5
608 2262 647 2307 18.
669 2261 724 2307 Hoc
746 2274 849 2320 qnoque
866 2261 922 2307 loco
939 2264 1035 2319 μνήσεαι
1055 2264 1116 2319 ipseo
1134 2260 1169 2307 ὅτι
1187 2261 1248 2308 oiim
1266 2262 1293 2308 in
1311 2262 1384 2309 libris

151 2331 207 2382 {uiam
220 2340 379 2400 intellegitur.

172 2413 290 2466 lenonum
316 2419 429 2466 notabile
455 2420 485 2466 G.
512 2419 652 2466 Hermanni
678 2420 725 2465 hac
751 2420 783 2465 de
809 2434 836 2465 re
862 2419 985 2465 iudicium
1010 2421 1080 2465 extat
1103 2419 1205 2478 Orplric.
1235 2434 1259 2480 p.
1279 2423 1326 2468 722
1345 2435 1383 2481 sq.

150 2487 203 2543 (tuno
222 2499 279 2545 1805
305 2500 458 2559 prolatumJ:
485 2499 611 2554 „Tantum
638 2499 712 2545 abest
735 2502 764 2545 ut
787 2499 902 2544 ultimam
923 2498 1048 2557 syllabam
1066 2498 1170 2556 genitivi
1187 2501 1212 2544 in
1231 2519 1276 2545 -οιο
1294 2501 1383 2546 elisam

151 2581 202 2621 Μ
220 2589 327 2637 anquam
354 2581 452 2637 putem,
478 2580 507 2623 nt
534 2591 589 2624 eam
613 2592 645 2624 ne
662 2579 777 2636 potuisse
796 2578 900 2636 quidem
919 2577 978 2623 elidi
999 2577 1109 2624 credam.
1130 2578 1299 2625 Vehementer
1316 2580 1383 2626 enim

151 2660 224 2702 „wenni
254 2657 302 2716 ipsi
337 2661 496 2717 pugnassent
531 2657 622 2704 Graeci
653 2660 753 2717 poetae,
783 2658 805 2703 si
837 2658 933 2703 formas
966 2656 1158 2715 vocabulorum,
1185 2657 1218 2703 ob
1245 2658 1271 2704 id
1299 2659 1383 2718 ipsum

151 2726 256 2792 εἰσιοοῖεο,
280 2742 310 2783 ut
331 2738 416 2783 locum
439 2736 582 2782 deficientis
599 2737 625 2782 in
652 2750 727 2783 versu
747 2736 860 2794 syllabae
879 2737 1018 2795 explerent,
1037 2750 1125 2781 rursus
1144 2737 1286 2797 decurtare,
1304 2751 1381 2797 qnam

150 2815 310 2862 twnnnnibus
328 2816 417 2862 formis
434 2816 473 2862 nti
490 2815 647 2861 maluissent
666 2817 721 2862 Non
740 2815 804 2862 dixit
822 2816 950 2862 Homerus

439 2902 521 2953 ,μῆνιν
538 2895 599 2940 ἄειδε
617 2896 663 2940 θεὰ
683 2895 809 2954 Πηληιάδυ’
831 2898 942 2954 Ἀχιλῆος,

150 2977 202 3027 allon,
440 2972 464 3026 ὃς
480 2975 515 3019 σε”
535 2974 635 3020 ἄνευθεν
652 2976 694 3019 ἰὼν
710 2974 769 3031 μέγα
788 2974 880 3032 κήδεται
900 2974 936 3032 it·
959 2977 1061 3037 άλευάρει,

439 3062 484 3099 τῶν
501 3053 526 3098 δ’
546 3053 620 3100 ἄλλων
638 3052 698 3107 οὔτις
716 3054 738 3099 i'
759 3056 878 3113 exposcar,

439 3136 552 3192 νοστήσει,-
566 3135 696 3192 Ἰθάκηνδε
714 3136 769 3179 κιὼν
783 3131 879 3192 Ὀδυσῆ’
897 3136 928 3180 lvi
947 3136 1001 3196 οἴκῳ
1017 3133 1020 3193 Ι
1036 3135 1129 3191 εἴποιμ’,

438 3213 506 3275 lost,
525 3214 568 3270 tyb
585 3213 610 3258 δά
631 3215 706 3276 Πάριν
723 3216 895 3271 μετελεύσομαι,

438 3291 537 3347 εἰπέμεν
556 3292 692 3355 meddam,
710 3292 860 3350 Ἀγαμέμνονι
880 3294 917 3337 καὶ
939 3295 1057 3354 Μενελάῳ,

151 3360 280 3419 sitandam
298 3369 359 3415 olim
377 3367 510 3428 legebant;
529 3384 587 3426 aon,

442 3458 505 3504 „neg
522 3449 551 3508 δὴ
568 3450 641 3508 ἶγυμ),
661 3452 673 3510 ll
690 3468 749 3510 φημι
769 3455 846 3497 θεάων
863 3451 939 3508 1μμεν’
960 3453 1050 3514 diplom,

151 3521 210 3573 vlltd
223 3538 286 3574 nnnc
304 3540 408 3586 quoqne
424 3527 450 3574 in
469 3529 624 3588 nuperrima,
641 3543 723 3588 eaque
741 3531 854 3576 omnium
873 3530 1072 3589 absolutissima,
1095 3530 1207 3576 editione
1225 3529 1383 3589 [Olarkiana]

151 3595 251 3651 ‚mictum
268 3606 341 3653 video
344 3640 404 3653 .....
423 3607 486 3654 Mihi
504 3608 608 3667 quidem
626 3622 676 3654 non
694 3611 733 3655 est
751 3609 874 3655 credibile
891 3610 1009 3655 nltimam
1027 3609 1152 3667 syllabam
1173 3608 1250 3655 huius
1267 3611 1387 3656 infinitivi

150 3674 226 3729 ‚elbam
241 3698 303 3741 esse,
320 3699 399 3745 quum
419 3687 474 3733 sine
492 3688 598 3734 elisione
617 3688 702 3735 dicere
719 3692 807 3748 posset
825 3692 900 3748 poeta
918 3683 965 3734 alva
967 3709 1029 3734 ......
1048 3690 1103 3735 Non
1126 3691 1208 3746 magis
1226 3691 1338 3736 adducor
1357 3694 1385 3736 ut

150 3757 192 3802 σεῖ’
215 3767 293 3812 2454
320 3771 346 3813 et
371 3767 429 3822 ἐμεῖ’
458 3770 484 3812 Ψ
505 3768 553 3814 ’189
574 3770 651 3826 atque
672 3774 692 3814 θ
710 3769 758 3813 462
777 3780 822 3827 pro
842 3775 888 3819 οιῡ,
907 3771 936 3814 nt
954 3767 1071 3814 Olarkins
1089 3767 1177 3829 edidit,
1195 3773 1222 3815 et
1239 3773 1293 3826 ῖμεῡ
1311 3783 1385 3815 veras

150 3832 257 3890 „lectiones
274 3858 331 3892 esse
348 3846 477 3892 credam.’'
496 3847 552 3893 Hto.

172 3916 269 3970 Adversis
285 3925 364 3983 igitur
381 3925 509 3972 frontibus
526 3926 593 3973 inter
610 3940 638 3972 se
656 3930 773 3985 pugnant
789 3940 818 3973 ea
837 3941 903 3986 quae
921 3940 967 3974 nos
990 3940 1068 3986 supra
1091 3929 1257 3985 exposuimus
1275 3932 1301 3974 et
1319 3942 1386 3987 qnae

149 3988 278 4049 fltrnannus
299 4004 316 4050 1.
334 4004 351 4049 l.
369 4004 507 4050 contendit.
532 4005 610 4051 Cuius
628 4006 705 4051 rerba
724 4007 784 4051 lieet
807 4007 925 4064 Spitzner
946 4006 1071 4052 deversa
1090 4007 1198 4052 Heroico
1216 4021 1241 4066 p.
1262 4009 1309 4053 173
1327 4021 1385 4066 pre-

148 4068 227 4138 bsstrit,
241 4082 369 4129 hodiernis
387 4084 527 4130 lectoribus
544 4098 593 4130 non
613 4088 721 4144 possunt
738 4099 788 4130 non
807 4086 918 4131 absurda
937 4086 1025 4143 videri,
1044 4099 1091 4131 nos
1110 4090 1195 4132 antem
1214 4101 1263 4132 non
1282 4101 1312 4133 eo
1327 4101 1385 4147 pro·

147 4150 196 4199 lecti
207 4162 304 4206 conell·
318 4176 347 4208 ea
359 4164 492 4210 attulimus
505 4169 535 4210 nt
552 4163 670 4211 manibus
688 4165 734 4210 viri
754 4164 786 4210 de
803 4164 896 4210 litteris
914 4166 1019 4211 Graecis
1038 4168 1145 4224 ipsoque
1163 4167 1273 4211 Homero
1283 4167 1386 4224 egregie

145 4240 207 4285 ueriti
222 4251 334 4301 proterve
353 4243 499 4299 illudamus,
517 4243 562 4289 sed
580 4247 609 4290 nt
627 4244 695 4290 clare
713 4247 904 4303 appareatque
923 4245 1020 4289 ratione
1040 4245 1135 4289 formae
1151 4247 1296 4292 contractae
1311 4246 1386 4291 unice

143 4318 221 4370 limini
243 4321 354 4370 delendi.
380 4323 449 4379 Quas
474 4323 496 4368 si
519 4324 577 4382 quis
601 4325 747 4370 etiamnunc
766 4324 876 4370 Homero
895 4322 957 4369 velit
980 4322 1117 4384 vindicare,
1134 4324 1280 4369 Hermanno
1299 4325 1387 4370 credat

142 4405 226 4446 messe
246 4404 285 4448 est
307 4403 430 4449 formas
453 4407 635 4462 apertas-
654 4402 791 4449 distractas
809 4402 935 4448 vocabant
951 4406 1053 4448 veteres
1070 4403 1230 4459 grammatici
1248 4429 1279 4436 —
1299 4403 1336 4450 ob
1355 4403 1384 4448 id

139 4471 226 4532 ipsum
254 4493 326 4527 esse
356 4480 511 4527 inventas
540 4485 575 4528 ut
606 4481 713 4528 locum
744 4481 944 4528 deficientis
975 4483 1004 4527 in
1038 4495 1133 4527 versu
1161 4481 1312 4539 syllabae
1339 4497 1387 4528 er·

139 4553 259 4611 plorent
