3120 5124
750 402 811 462 124
1319 396 1348 468 [θ
1370 397 1409 456 88

147 590 293 662 „veteres
324 589 437 662 poetas
466 586 586 660 fingere
617 587 783 662 epitheton
814 585 1034 667 tvltloolxeov,
1064 590 1093 649 si
1116 590 1221 650 metro
1249 587 1282 647 id
1305 598 1411 659 repug-

146 690 287 765 „nabatl
318 690 478 750 habebant
503 691 590 750 enim
623 705 841 764 synonymum
874 689 1083 771 ivlfloolyorog
1105 691 1297 751 hexametro
1320 687 1412 763 aptis

146 791 320 866 „simum”
347 823 387 831 —
412 792 501 853 Haec
532 793 642 853 omnia
670 793 726 865 qui
749 808 862 854 secum
885 794 1060 869 perpendit,
1084 794 1141 854 aut
1169 805 1289 851 manua
1320 787 1413 850 absti-

143 893 265 953 nendas
285 910 357 954 esse
376 894 531 955 iudicabit
551 896 609 953 aut
627 890 792 973 ἐνοσίγαιος
811 898 844 956 et
860 892 1053 971 ἕνοσίφυλλος
1066 895 1236 955 nobiscum
1248 891 1370 953 scribet
1380 887 1411 961 ¹).

141 993 183 1054 Et
216 993 295 1055 olim
330 996 416 1056 certe
453 996 720 1055 ΕΝΟΣΙΓΑΙΟΣ
749 998 782 1057 et
818 997 1102 1058 ΕΝΟΣΙΦΤΛΟΣ
1131 998 1165 1057 in
1197 994 1290 1055 libris
1314 993 1414 1053 fnisse

144 1097 281 1158 constat.

188 1248 226 1306 In
257 1249 352 1309 textu
382 1249 500 1310 tradito
531 1251 696 1325 productio
723 1252 921 1326 suppletoria
954 1251 998 1312 ibi
1027 1264 1154 1324 quoque
1178 1262 1254 1308 cum
1275 1245 1416 1320 liquidae

142 1350 362 1422 geminatione
393 1352 534 1414 alternat
564 1353 618 1414 ubi
652 1354 728 1414 ante
758 1354 914 1427 liquidam
947 1353 1053 1427 sigma
1083 1348 1256 1412 intercidit.
1289 1346 1342 1409 Sic
1371 1360 1415 1406 re

143 1451 304 1524 perimus:

234 1549 315 1630 (ασμ)
361 1551 508 1632 ἅμμες-
522 1547 607 1634 ἆμός,
628 1547 701 1634 ἧμιν
727 1560 788 1618 etc.

231 1659 311 1731 (υσμ)
360 1653 454 1734 ὔμμες
470 1691 508 1699 -
522 1646 597 1734 &pcc
623 1660 683 1720 ete.

229 1761 303 1833 (top)
357 1755 479 1836 ἔμμεναι
487 1757 610 1837 (ἔμεναι)
623 1794 666 1804 -
680 1759 748 1838 εἰμί,
771 1757 862 1837 εἰμέν,
885 1751 961 1836 εἷμα,
986 1750 1076 1836 εἷμαι,
1097 1750 1297 1832 καταειμένος.

234 1863 311 1930 (ασν)
363 1858 494 1939 ἕρκννός.

234 1964 305 2031 (ccv)
361 1959 513 2041 ἀργεννός,
536 1961 698 2042 ἕρεβεννός,
721 1960 826 2040 ἕννυμι
843 1995 885 2004 -
907 1960 1050 2037 aesewig,
1076 1956 1234 2040 ἀλεγεινός,
1262 1953 1420 2035 ἐρατεινάς,

410 2063 587 2141 κελαδεινός,
604 2063 749 2136 κετεεινός
770 2065 839 2124 sive
854 2061 1004 2140 πετεηνός,
1015 2061 1170 2139 ποθεινός,
1188 2057 1325 2137 φαεινός,
1334 2079 1418 2117 κατα·

412 2166 533 2228 είνυσαν
554 2169 606 2230 vel
618 2190 708 2228 -vvcv
724 2171 759 2226 Ψ
777 2169 839 2228 135
860 2167 927 2238 (sed
939 2167 1084 2242 praestat
1096 2167 1140 2227 ibi
1149 2166 1170 2226 l.
1180 2180 1208 2224 a.
1221 2160 1418 2232 moravos).

189 2265 316 2327 Satisne
348 2270 501 2331 concinne
532 2271 770 2331 haecomnia?
801 2270 904 2330 Nemo
931 2269 1119 2343 contendet;
1144 2268 1246 2327 immo
1269 2263 1420 2325 inlibris

146 2365 224 2425 olim
266 2367 367 2429 fuisse
410 2373 537 2429 ΑΜΕΣ
577 2372 705 2431 ΑΜΟΣ
747 2372 870 2429 ΤΜΕΣ
903 2370 1024 2429 ΥΜΟΣ
1057 2369 1191 2427 ΕΜΕΝ
1220 2365 1422 2426 ΑΡΓΕΝΟΣ

149 2467 328 2527 ΦΑΕΝΟΣ
348 2472 409 2531 etc.
433 2475 558 2533 certum
582 2475 643 2548 est,
667 2489 770 2546 neque
795 2473 846 2532 est
869 2488 925 2533 cur
945 2472 1115 2532 credamus
1133 2466 1421 2543 transcriptorlbns

148 2568 200 2629 vel
231 2574 456 2643 grammaticis
487 2575 715 2636 Alexandrinis
745 2575 786 2635 ad
816 2574 1001 2634 huiusmodi
1025 2572 1232 2646 quaestiones
1255 2570 1419 2643 orthogra-

149 2671 260 2743 phicas
290 2673 487 2735 dirimendas
517 2677 582 2736 alia
605 2679 639 2736 et
664 2677 801 2737 certiora
824 2676 1017 2750 argumenta
1040 2674 1169 2748 praesto
1192 2671 1294 2732 misse
1319 2685 1420 2745 quam

150 2772 241 2831 nobis
263 2775 318 2846 qui
341 2790 426 2836 nunc
450 2777 602 2838 vivimus.

194 2934 276 2997 Oum
306 2940 405 3016 hisce,
436 2941 475 3001 de
506 2942 622 3014 quibus
653 2942 748 3002 modo
775 2956 883 3001 sermo
912 2940 983 3014 fuit,
1008 2937 1173 2999 vocabulis
1196 2935 1423 2998 conhrndenda

148 3050 213 3096 non
235 3042 321 3116 sunt,
345 3040 421 3102 licet
443 3042 564 3103 similia
587 3043 767 3119 videantur,
791 3042 974 3118 praesentia
994 3040 1166 3101 verborum
1186 3037 1422 3112 liquidatorum

148 3137 251 3199 κτείνω
282 3141 399 3221 obelon
429 3142 520 3223 κρίνω
552 3147 631 3219 etc.;
662 3161 718 3219 pro
742 3146 792 3205 his
817 3145 871 3217 qni
895 3139 1019 3221 φθέρρω
1043 3139 1155 3220 univoci
1179 3141 1212 3200 in
1235 3138 1423 3199 Homericis

149 3243 280 3302 rescribi
311 3246 439 3306 mavult
469 3262 575 3307 errare
602 3247 695 3318 nobis
717 3247 854 3306 videtur.
880 3246 964 3305 Nam
992 3245 1068 3305 licet
1091 3243 1185 3304 Lesbi
1209 3242 1242 3303 et
1264 3240 1298 3301 in
1324 3240 1423 3301 'Phes-

150 3344 232 3404 salia
254 3346 402 3408 homines
426 3348 597 3422 aliquando
617 3350 664 3408 ita
683 3348 809 3408 locutos
829 3362 901 3408 esse
920 3346 1056 3407 doceant
1074 3344 1207 3420 lapides,
1226 3357 1291 3403 non
1308 3344 1424 3403 tamen

150 3448 332 3509 necessario
363 3450 436 3510 inde
467 3452 612 3524 sequitur
644 3451 794 3524 antiquas
821 3465 894 3510 esse
918 3450 978 3509 has
1004 3448 1136 3523 formas,
1161 3446 1218 3507 sed
1240 3443 1423 3519 analogiae,

151 3549 243 3608 cuius
273 3553 395 3622 quanta
425 3552 485 3612 hac
509 3554 541 3613 in
573 3569 607 3613 re
630 3554 674 3613 sit
697 3554 748 3613 vis
778 3552 919 3612 ostendit
942 3552 1128 3624 Brugmann
1160 3548 1304 3608 Gramm.
1337 3545 1424 3615 §45

152 3651 185 3709 et
210 3653 282 3727 134,
307 3668 363 3712 eas
390 3654 497 3714 deberi
529 3655 750 3730 suspicamur;
775 3655 991 3728 diphthongus
1019 3673 1044 3711 ει
1070 3652 1104 3711 in
1127 3649 1233 3711 verbis
1259 3645 1365 3706 κτείνω
1390 3648 1426 3707 et

152 3753 268 3831 φθείρω
300 3755 352 3815 vel
382 3755 512 3829 longum
545 3758 612 3817 iota
643 3757 731 3818 verbi
762 3754 853 3834 κρίνω
880 3770 944 3816 non
975 3754 1174 3829 productioni
1204 3747 1425 3825 suppletoriaa

153 3855 286 3917 debetur
313 3858 370 3917 sed
398 3872 439 3917 ex
465 3878 571 3933 xrevpo
591 3860 625 3919 et
643 3864 762 3937 aesopo
782 3859 965 3919 factasunt
987 3877 1104 3915 κτε-ινω
1124 3855 1157 3915 et
1175 3858 1318 3932 obe-apo,
1340 3851 1424 3912 item

151 3979 267 4036 κρι-ινω
280 3975 298 4019 e
313 3981 429 4037 κριηω,
441 3962 713 4034 quemadmodum
727 3983 873 4038 pcvjopoo
891 3959 929 4021 flt
941 3958 1085 4038 μαίνομαι
1104 3960 1138 4019 et
1150 3960 1276 4034 μελανμ
1287 3974 1424 4033 μακαρμ

152 4081 266 4138 τερενμκ
285 4061 419 4139 -βοτερμι
431 4083 523 4140 poppo
542 4063 691 4122 abierunt
710 4064 743 4121 in
763 4060 886 4139 μέλαινα
898 4061 1029 4141 μάκαιρα
1048 4058 1161 4139 τέρεινα
1180 4056 1312 4137 -βότειρα
1324 4058 1424 4134 μοῖρα.

197 4163 300 4223 Aliter
333 4165 445 4223 tamen
480 4164 540 4223 hac
574 4164 613 4223 de
645 4180 679 4223 re
711 4163 807 4222 multi
839 4179 922 4223 nunc
953 4164 1106 4238 iudicant,
1138 4160 1201 4221 vid.
1233 4160 1423 4232 Bragmann

153 4266 297 4326 Gramm.
321 4266 339 4333 ἓ
363 4267 416 4340 30,
441 4266 458 4334 ἓ
483 4265 534 4340 el,
559 4266 576 4334 θ
597 4267 648 4338 56,
673 4264 912 4324 Kilhner·Blass
934 4266 950 4324 Ι
970 4280 999 4338 p.
1025 4265 1103 4324 106:
1132 4263 1184 4339 „in
1203 4259 1322 4339 φθείροι
1340 4258 1422 4320 wird

157 4389 200 4444 „a
230 4368 388 4428 vielmehr
417 4367 576 4439 Dehnung
605 4366 675 4425 sein
708 4362 875 4443 (unechtes
902 4362 971 4443 ει).”
997 4365 1074 4426 Fick
1097 4366 1131 4424 in
1154 4363 1337 4425 carminum
1360 4361 1421 4422 Ho-

186 4586 204 4650 ¹)
221 4588 335 4636 Eandem
353 4589 465 4637 Schnlzii
483 4589 586 4647 Quaest.
603 4588 651 4650 Ep.
669 4601 695 4649 p.
715 4590 762 4635 160
779 4588 923 4649 opinionem
940 4599 997 4635 esee
1017 4585 1098 4635 video.
