3120 5124
64 110 84 186 6
108 112 184 184 eae]
669 112 730 173 661

65 293 135 374 ἄν’,
166 295 200 356 αἱ
229 292 262 356 di
290 295 428 367 κοιν61>
465 294 522 376 ,οὔ
552 299 636 360 κεν”.
668 299 800 373 tegitur
830 300 940 360 autem
968 296 1061 357 hodie
1085 291 1122 355 οὔ
1144 316 1196 354 κεν
1218 295 1252 355 16
1276 309 1340 355 uno

65 397 304 459 vindobonensi
317 399 352 476 L,
376 397 432 458 666
454 395 493 458 ἄν
517 400 649 461 veroin
676 400 818 476 Synaoo,
841 400 874 459 in
898 399 1030 460 scholiis
1054 399 1087 455 N
1107 398 1136 473 1,
1160 396 1193 456 16
1216 395 1339 456 Veneto

66 499 180 559 Aeto.

110 599 268 676 Quidquid
298 601 329 661 id
354 604 414 677 est,
439 603 565 676 septem
588 602 656 661 iam
678 602 767 662 locos
790 601 980 662 Homericos
1003 598 1153 674 indicavi,
1177 597 1232 658 ubi
1253 597 1339 656 inter

64 720 115 759 κεν
140 704 174 760 et
196 697 234 758 dv
258 703 386 763 vaiiant
408 703 489 763 libri.
514 703 576 764 Sed
600 703 704 763 multo
727 702 835 778 plures
858 703 966 763 afferri
990 700 1135 776 possunt.

109 800 129 860 6
152 802 216 862 223
241 803 274 861 et
297 814 323 877 ψ
348 804 410 864 137
436 800 472 863 od
495 824 547 862 m
570 804 677 881 vulgo,
701 799 807 864 66666
819 804 943 878 optimi.
958 802 1004 864 (if.
1017 802 1039 864 1.
1052 817 1082 863 a.
1096 798 1337 861 6128911439.

110 905 137 960 P
155 902 220 962 398
245 900 317 963 οὐδέ
339 897 363 962 κ’
389 904 449 981 bis,
701 905 792 966 Eust.
816 899 883 965 οὐδ’
910 900 957 963 ἂν.

110 1006 136 1062 Ζ
160 1004 202 1063 69
226 1001 267 1074 ὥς
290 1024 332 1081 κε,
702 1005 793 1067 Eust.
817 1002 857 1077 ὡς
880 1001 928 1065 ἂν.

108 1109 139 1163 Α
163 1107 227 1166 649
252 1099 288 1164 ὃν
310 1101 344 1164 δέ
364 1099 403 1183 κ’,
701 1106 791 1168 Euat.
817 1101 853 1166 ‘dv
877 1101 906 1167 d'
933 1103 980 1166 iio.

110 1207 135 1264 Β
159 1207 222 1267 391
246 1199 282 1264 ὃν
306 1203 340 1265 δέ
361 1200 399 1284 κ’,
702 1203 738 1268 ὃν
763 1202 791 1268 d'
817 1204 856 1267 ἂν
878 1209 990 1269 Ambr.
1014 1209 1104 1269 Vrat.
1127 1206 1219 1266 liust.

108 1309 138 1365 A
162 1308 226 1368 306
250 1301 283 1379 ὃς
306 1304 339 1367 δέ
361 1302 385 1367 κ’
412 1305 499 1386 ἀνὴρ,
703 1304 736 1382 ὃς
760 1304 789 1369 d'
815 1305 854 1369 ἂν
877 1311 968 1372 Eust.

108 1428 126 1485 ρ
151 1409 215 1468 385
240 1405 257 1466 ὅ
278 1428 330 1467 κεν
353 1405 504 1492 τέρπῃσιν,
703 1405 735 1482 ὃς
758 1407 797 1469 ἂν
819 1411 911 1471 Eust.

111 1509 138 1568 Θ
161 1510 224 1569 471
249 1507 285 1567 αἴ
302 1502 327 1568 κ’
353 1506 515 1593 ἐθέλῃσθα,
700 1513 801 1573 schol.
826 1514 855 1573 A
877 1534 922 1591 γρ.
949 1508 1037 1590 ,6661

108 1632 130 1686 μ
156 1609 219 1669 138
241 1599 261 1686 ἧ
284 1602 305 1669 τ’
332 1605 370 1668 ἂν
393 1605 441 1687 ἔτ’,
462 1613 518 1672 alii
540 1613 592 1671 καί
611 1634 663 1673 κεν
685 1607 731 1672 ἔτ’.
755 1612 876 1675 Verum
900 1604 1214 1691 316616ῐῆ66νέτῖ

110 1709 129 1770 δ
152 1711 217 1771 443
240 1709 283 1781 τίς
305 1710 362 1790 γάρ
385 1705 408 1771 κ’
435 1711 563 1798 εἰναλίῳ,
702 1715 745 1786 τίς
767 1711 824 1794 γὰρ
847 1711 885 1773 iv
908 1715 998 1775 Eust.

110 1834 123 1871 ι
147 1813 210 1872 351
235 1819 299 1883 πῶς
321 1810 373 1872 κέν
395 1813 438 1886 τίς
461 1829 503 1891 σε,
703 1823 766 1886 πῶς
789 1811 827 1874 dv
849 1815 892 1886 τίς
916 1832 948 1875 σε
971 1815 1001 1875 ii
1025 1814 1090 1874 elii.

110 1913 214 1985 §285
238 1910 303 1990 ἐμοὶ
326 1909 359 1973 δέ
381 1908 406 1973 κ’
432 1910 558 1991 ὀνείδεα,
702 1913 768 1994 ἐμοὶ
791 1910 818 1975 δ’
845 1911 883 1975 ἂν
907 1912 1023 1975 ὀνείδεα
1045 1915 1136 1975 sust.

110 2036 128 2093 ρ
153 2015 219 2075 418
243 2011 300 2094 ἐγὼ
325 2012 358 2075 δέ
380 2014 414 2076 κέ
435 2032 467 2077 σε
490 2017 586 2094 61616,
700 2013 757 2096 ἐγὼ
781 2011 807 2075 ‹i'
835 2012 874 2075 div
897 2031 929 2076 σε
952 2017 1037 2076 ultim
1060 2016 1150 2076 Eust.

109 2138 126 2194 χ
150 2117 215 2176 377
239 2112 319 2193 ὄφρα
342 2110 365 2175 κ’
391 2114 457 2197 ἐγὼ,
698 2110 763 2193 ὄφρ’
790 2112 828 2175 ἂν
852 2113 908 2196 ἐγὼ
932 2117 998 2179 alii.

109 2216 185 2276 Alia
208 2217 359 2292 exempla
379 2220 495 2278 extant
518 2221 547 2276 A
572 2218 635 2278 627
660 2219 693 2276 Π
714 2219 756 2278 39
784 2220 874 2279 Ψ76
895 2218 913 2276 6
933 2221 1008 2294 223,
1029 2219 1094 2277 494
1113 2222 1137 2274 θ
1158 2219 1221 2278 216
1242 2217 1257 2288 ξ
1277 2217 1339 2277 126

62 2337 86 2375 u
118 2319 183 2379 391
215 2339 232 2394 ρ
265 2319 328 2380 263
360 2334 378 2377 o
410 2319 483 2395 183,
516 2319 580 2379 269
609 2320 710 2380 6616
741 2341 758 2397 χ
785 2320 861 2396 264,
893 2321 956 2380 377
988 2332 1014 2393 ψ
1048 2320 1120 2394 137,
1157 2317 1339 2392 complures

61 2420 176 2479 autem
213 2434 256 2479 ex
295 2419 346 2479 his
385 2420 464 2480 locis
506 2420 621 2492 corrigi
651 2422 826 2494 potuerunt
862 2434 921 2495 ope
955 2420 1073 2481 codicis
1108 2420 1272 2493 Odysseae
1302 2418 1337 2493 F,

61 2534 160 2592 quem
192 2520 310 2594 publici
341 2521 420 2581 iuris
451 2521 528 2582 fecit
550 2521 703 2582 Ludwioh
733 2523 906 2596 postquam
933 2522 1014 2582 haee
1044 2520 1277 2582 commentatio
1304 2520 1338 2579 in

61 2620 274 2694 Mnemosyne
297 2622 414 2696 prodiit
434 2626 464 2692 ¹).

106 2721 190 2799 Quin
221 2724 384 2784 interdum
412 2720 450 2781 ἄν
473 2737 531 2797 pro
559 2744 611 2783 κεν
637 2725 776 2785 occurrit
799 2725 998 2799 repugnante
1022 2725 1140 2799 metro,
1163 2722 1339 2783 manifesto

61 2823 162 2897 igitur
193 2824 349 2884 vitiosum
380 2827 414 2886 et
436 2825 476 2885 ab
499 2825 570 2899 ipso
592 2825 721 2886 librario
744 2841 802 2900 por
826 2841 969 2888 errorem
992 2826 1209 2886 substitutum
1232 2824 1339 2897 genui·

61 2939 124 2985 nae
154 2924 289 2986 voculae
318 2946 359 2984 κε.
392 2925 444 2987 Sic
473 2948 493 2986 υ
518 2927 581 2987 342
609 2941 665 3002 pro
687 2922 816 3007 γήμασθ’
843 2921 912 3012 du’
939 2925 1028 3011 ἐθέλῃ
1060 2927 1144 3002 apud
1167 2927 1258 2986 Eust.
1289 2926 1341 2985 est

62 3019 148 3109 666
179 3022 278 3110 ἐθέλῃ.
308 3028 351 3086 Μ
371 3027 434 3087 302
458 3043 514 3102 pro
537 3026 567 3087 εἴ
588 3047 644 3106 περ
666 3027 722 3108 γάρ
744 3023 767 3107 χ’
792 3028 952 3113 66666616
974 3030 1109 3091 Vindob.
1131 3028 1158 3089 G
1182 3027 1340 3103 reperitur

61 3125 93 3187 εἴ
124 3146 180 3205 περ
203 3124 260 3206 γὰρ
283 3123 321 3186 ἂν
343 3121 365 3206 χ’
392 3127 503 3212 εὕρῃσι.

105 3228 250 3302 Denique
280 3230 312 3291 h.
336 3229 358 3290 l.
390 3233 666 3292 commemoratus
697 3233 768 3294 esto
800 3234 920 3309 Ρ489,
952 3233 1008 3294 ubi
1040 3230 1096 3293 oin
1119 3228 1157 3291 dv
1180 3232 1339 3292 traditum

60 3332 114 3391 est
143 3344 233 3407 sane,
261 3331 319 3391 sed
341 3331 481 3392 tralucet
509 3346 623 3392 verum
646 3329 683 3392 66
714 3353 766 3392 κεν
789 3333 823 3394 in
846 3334 986 3394 absurda
1009 3333 1128 3394 oodioie
1151 3333 1178 3392 D
1201 3332 1339 3393 lectione

60 3427 98 3492 od
128 3424 193 3490 τιν’.
223 3432 309 3493 Item
348 3435 383 3492 Ψ
402 3434 467 3494 339
499 3433 625 3493 6661666
655 3434 787 3507 quidem
816 3450 931 3496 omnes
957 3435 1078 3496 habent
1101 3430 1150 3511 66,
1172 3434 1230 3495 sed
1254 3434 1338 3508 apud

60 3532 232 3595 Platonem
255 3533 351 3594 leutio
374 3532 416 3612 μή
440 3534 508 3595 veri
531 3536 643 3595 servat
666 3536 814 3610 vestigia.

104 3737 273 3813 Videmus,
308 3738 439 3798 etiamsi
473 3739 699 3799 transversum
734 3755 836 3800 unum
867 3741 1004 3814 digitum
1037 3755 1057 3800 a
1090 3741 1186 3800 textu
1220 3739 1338 3800 tradito

60 3839 252 3901 discessisse
282 3838 375 3900 nefas
405 3840 515 3915 ducas,
546 3840 640 3901 hodie
671 3842 783 3902 tamen
814 3843 896 3902 satis
928 3841 1043 3902 multis
1072 3841 1153 3902 locis
1174 3842 1338 3902 incertum

94 4104 115 4173 ¹)
132 4109 342 4156 commemoratu
368 4109 535 4168 dignissimus
561 4112 601 4156 eet
625 4111 703 4158 etiam
730 4111 836 4159 Hesiodi
860 4125 950 4159 versus
973 4113 1069 4171 Theog.
1092 4114 1140 4159 iss
1161 4114 1236 4177 αὐτὰρ
1254 4115 1338 4160 inuio

59 4182 108 4251 (sio
125 4187 208 4235 oodex
229 4185 558 4252 664166)νοῦσοντιὶὲσῃ,
584 4188 629 4235 ubi
646 4202 697 4236 non
716 4190 781 4251 intr,
799 4191 869 4250 quod
886 4191 928 4238 edi
947 4190 1021 4251 solet,
1039 4193 1079 4239 est
1096 4190 1270 4252 seribendnm‚
1289 4191 1335 4239 sed

60 4266 169 4315 delenda
187 4270 228 4315 eet
245 4268 332 4315 littera
349 4287 361 4314 r
379 4281 426 4328 per
444 4268 644 4329 dittographiam
661 4270 777 4326 inveota3
795 4283 884 4317 verum
901 4270 999 4317 hebent
1016 4271 1037 4318 V
1056 4271 1076 4318 0
1093 4270 1175 4318 Olom.
