3120 5124
749 400 813 459 eea
1304 406 1334 483 [s
1356 410 1408 469 are

190 589 291 649 Multo
324 589 426 648 rarior
460 590 511 647 est
542 587 646 647 forma
677 588 840 647 intensiva
870 587 900 664 (ᾖ
934 591 1017 665 144),
1050 592 1142 651 cuius
1165 593 1273 666 prima
1296 594 1410 667 syllaba

145 691 274 750 insolite
297 692 349 750 est
367 691 520 763 producta
541 687 576 763 ¹),
597 681 752 764 πωλέέλοι,
773 705 853 749 mss.
874 688 995 760 πώλεοι)
1019 690 1036 749 b
1061 695 1135 767 811,
1156 689 1300 752 πωλέεται
1320 697 1410 757 Γ196

147 791 164 850 δ
197 793 260 852 384
291 793 322 851 11.
355 793 414 866 ΑΙ).
443 792 505 851 170
527 790 607 850 Ven.
632 792 684 866 80,
708 790 934 870 πωλεύμενοιβ
966 795 1008 852 55
1031 791 1076 870 (=
1100 816 1116 872 ρ
1141 797 1230 872 534),
1252 790 1411 873 ’πωλεόμρι

145 917 162 971 χ
182 895 257 970 352,
280 890 434 952 -επωλέετο
455 895 482 950 Δ
494 894 569 968 231,
583 893 647 952 2ῦο
660 896 690 950 Λ
703 894 777 968 264,
792 896 855 953 540
879 916 889 951 ι
909 895 981 970 189,
1001 895 1108 956 iterat.
1125 890 1303 957 ’πωλέσκετο
1317 902 1346 956 Α
1358 899 1411 959 490

148 997 176 1052 Ε
202 996 264 1056 788
287 998 303 1053 λ
328 996 402 1071 240,
426 995 485 1054 fut.
509 993 682 1071 πωλήσομαι
705 997 736 1055 h.
761 998 820 1069 Ap.
846 998 921 1071 329,
945 995 1095 1072 πωλήσεαι
1123 999 1150 1054 Ε
1174 1000 1252 1060 350.

192 1097 301 1158 Tertia
331 1097 510 1171 praesentis
536 1096 641 1156 forma
666 1097 803 1156 πολεύειν
822 1097 976 1170 legitnro
1001 1099 1064 1158 254
1087 1119 1103 1156 τ
1129 1101 1190 1160 127
1216 1124 1237 1159 υ
1261 1101 1302 1160 78
1322 1124 1338 1180 χ
1358 1103 1411 1161 223

147 1221 170 1258 ω
195 1201 276 1273 244;
297 1197 359 1258 vid.
381 1199 486 1267 5144.

190 1301 343 1360 Derivata
376 1301 454 1358 sunt
486 1294 654 1375 ἀμφίπολος
687 1299 814 1372 aliaque
845 1301 1025 1375 composita
1051 1301 1084 1360 in
1109 1305 1223 1374 -πολος,
1248 1304 1412 1365 Praeterea

145 1404 315 1463 cohaerere
340 1401 489 1460 videntur
510 1396 606 1478 πέλωρ
630 1398 660 1475 (ξ
686 1401 762 1475 708),
789 1399 940 1478 πελώριος.

190 1504 252 1563 Hic
286 1502 351 1562 illic
384 1503 497 1562 textus
527 1501 665 1561 traditus
695 1503 827 1575 praebet
856 1503 955 1562 activi
985 1504 1107 1564 formas
1137 1502 1216 1565 πέλει
1243 1509 1278 1566 et
1300 1505 1410 1583 ubido),

145 1621 227 1678 qnae
260 1607 372 1664 tamen
402 1603 481 1663 locis
513 1605 641 1663 tantum
673 1619 736 1663 non
767 1604 917 1693 omnibns
948 1605 981 1665 in
1008 1599 1096 1664 πέλετ’
1124 1608 1248 1667 mutari
1271 1612 1410 1682 possunt,

145 1723 205 1767 nec
238 1707 347 1767 dubito
380 1707 457 1779 quin
487 1706 624 1766 debeant
646 1701 680 1783 ²).
713 1707 762 1766 Ad
794 1722 893 1779 quam
917 1708 1100 1782 opinionem
1125 1711 1411 1771 commendandam

145 1809 285 1868 multum
321 1808 409 1868 valet
447 1810 475 1865 E
511 1807 584 1882 729,
608 1807 662 1866 nbi
685 1804 770 1865 πέλεν
802 1807 930 1883 legitur,
962 1809 1019 1869 sed
1046 1809 1084 1869 de
1109 1810 1188 1870 deae
1211 1826 1309 1871 curru
1328 1827 1411 1886 pree·

145 1926 214 1970 eene
236 1910 354 1983 requiri
378 1909 459 1970 vidit
481 1909 633 1984 Bentley;
658 1925 717 1990 nec
740 1924 804 1969 non
837 1912 864 1968 T
886 1912 948 1970 365
981 1911 1014 1970 in
1037 1912 1157 1971 tradita
1182 1913 1323 1973 lectione
1343 1911 1413 1981 πέλε,

145 2008 184 2069 τὼ
204 2008 236 2069 δέ
256 2010 287 2069 οἱ
311 2007 378 2069 ὅσοι
406 2009 499 2069 facile
529 2008 715 2081 agnoscitur
738 2024 851 2068 verum
878 2003 978 2068 ’πέλετ’
1005 2007 1059 2088 ἠδέ
1081 2011 1133 2070 for
1157 2007 1225 2070 ὅσοι
1250 2009 1283 2082 ³).
1311 2012 1413 2072 videa·

146 2114 198 2171 tur
220 2113 386 2186 praeterea
416 2107 527 2174 '5345
554 2106 669 2169 πέλειαι
697 2109 785 2186 φάος,
814 2110 868 2169 ubi
891 2112 995 2171 metro
1025 2111 1127 2171 invito
1152 2109 1234 2172 πέλει
1258 2114 1411 2187 seriptum

145 2215 247 2274 estin
267 2212 430 2274 nonnullis
454 2213 625 2287 codicibus,
650 2213 683 2271 et
707 2208 735 2276 Ξ
754 2214 829 2288 396,
853 2212 907 2272 ubi
930 2214 1056 2273 codices
1079 2214 1199 2274 habent

411 2309 477 2373 οὔτε
500 2311 595 2390 πυρὸς
618 2310 721 2383 τόσσος
743 2334 776 2392 γε
799 2310 866 2371 ποτὶ
890 2310 990 2390 (ποθι)
1013 2312 1134 2392 βρόμος,

145 2418 178 2477 in
201 2417 308 2490 Etym.
333 2416 447 2489 Magno
471 2430 547 2475 vero
571 2429 686 2475 versus
709 2415 756 2475 sic
779 2416 913 2476 affertur
935 2432 965 2490 p.
989 2418 1063 2492 214,
1088 2419 1148 2478 36:

412 2513 478 2576 οὔτε
501 2513 595 2594 πυρὸς
617 2515 720 2586 τόσσος
742 2538 774 2595 γε
797 2513 876 2575 πέλει
904 2515 1025 2596 βρόμος,

145 2638 165 2681 a
188 2622 363 2682 scholiasta
386 2623 498 2680 autem
521 2619 682 2694 Apollonii
705 2619 764 2680 er.
789 2620 837 2680 111
861 2621 942 2680 861:

411 2719 514 2792 τόσσος
537 2718 592 2800 γὰρ
617 2717 732 2780 πέλειαι
755 2720 878 2798 βρόμος,

145 2840 227 2897 qnae
258 2824 363 2894 lectio,
394 2824 422 2882 si
453 2822 598 2884 deleatur
627 2822 785 2897 particula
814 2820 870 2902 ρύρ
894 2836 977 2894 quae
1000 2825 1105 2881 metro
1129 2824 1162 2882 et
1186 2826 1353 2885 sententia
1374 2827 1413 2885 in·

144 2927 221 2986 vitis
244 2929 296 2985 est
318 2926 436 2999 addita,
461 2940 575 2984 verum
598 2924 748 2998 praebet:

409 3023 476 3086 οὔτε
498 3025 593 3104 πυρὸς
612 3024 715 3097 τόσσος
738 3023 853 3086 πέλεται
876 3024 997 3104 βρόμος.

187 3131 330 3203 Denique
353 3144 485 3189 versum
508 3131 527 3187 Ι
549 3131 611 3189 134

342 3226 361 3307 ἢ
385 3227 472 3307 θέμις
496 3227 667 3308 ἀνθρώπων
689 3228 778 3306 πέλει,
801 3227 921 3307 ἀνδρῶν
945 3226 998 3307 ἠδέ
1020 3238 1184 3310 γυναικῶν,

141 3335 196 3408 qui
227 3349 311 3393 unns
342 3334 374 3392 in
406 3333 587 3393 Homericis
610 3333 866 3408 interpunctione
889 3333 922 3393 in
946 3334 1026 3393 duas
1051 3336 1161 3408 partes
1186 3335 1342 3407 aequales
1365 3339 1414 3396 est

141 3438 310 3510 diremtus,
334 3435 499 3508 aliquanto
523 3434 679 3494 leniorem
703 3435 807 3494 reddit
830 3433 911 3494 elisa
934 3434 1038 3494 forma
1061 3431 1177 3494 πέλεται
1201 3436 1253 3507 (ci.
1279 3441 1312 3494 A
1334 3439 1414 3505 154).

187 3538 369 3598 Molestianr
399 3536 541 3609 aliquam
574 3537 703 3610 pariunt
728 3537 755 3592 2
779 3537 840 3596 511
868 3537 886 3593 I
907 3537 970 3595 592
997 3536 1022 3594 O
1046 3536 1088 3597 38
1112 3541 1188 3608 (τε
1216 3539 1289 3608 186)
1314 3561 1330 3616 χ
1354 3541 1415 3600 405

179 3853 196 3918 ¹)
215 3858 289 3904 liebri
312 3872 397 3918 causa,
422 3859 447 3903 ni
472 3857 555 3917 fallor,
577 3856 702 3916 producta
726 3859 766 3902 est
787 3855 886 3915 syllaba
904 3856 1010 3903 initialis
1031 3857 1170 3903 formarum
1189 3860 1287 3905 πωλὲεοι
1305 3860 1414 3905 aelium

142 3938 270 3998 ’πωλεύμην
295 3939 412 3993 'nelina
438 3942 467 3986 nt
492 3939 518 3985 in
540 3941 698 4000 ὠλιολιιορπος
720 3940 747 3983 et
769 3937 906 3992 similibus,
925 3937 957 3983 de
978 3937 1072 3995 quibus
1089 3937 1208 3983 videatur
1233 3938 1307 3997 §²1-
1326 3939 1414 3996 ltaque

140 4019 231 4065 πολέεαι
256 4021 304 4064 ate.
323 4020 418 4065 rectius
436 4019 544 4065 iol-tasse
562 4016 708 4077 scripseris;
730 4016 807 4061 nolim
826 4019 913 4063 tamen
931 4018 1069 4075 quicquam
1096 4018 1413 4077 mutare,qnonis1nsor·

141 4110 198 4143 maa
221 4097 361 4144 ’πωλέσκετο
386 4102 526 4156 πωλεύμενοι
550 4100 685 4154 πωλήσομαι
708 4111 769 4140 -οεοε
794 4096 865 4141 nasei
883 4109 933 4142 non
954 4098 1093 4154 potnerunt
1110 4096 1262 4154 prinsquam
1281 4097 1413 4157 productio

140 4176 193 4236 illa,
210 4188 287 4234 qnam
305 4176 424 4235 primitus
441 4178 543 4236 peperit
559 4177 626 4223 ictus
643 4176 774 4235 metricus,
792 4175 817 4221 in
836 4176 919 4235 ipsam
937 4175 1051 4233 lingnam
1071 4179 1110 4222 ast
1129 4179 1242 4236 recepta.

174 4250 195 4314 ¹)
213 4255 295 4309 Quam
313 4255 394 4300 multa
412 4255 438 4299 in
456 4255 567 4301 diutione
585 4256 659 4314 spica
676 4255 810 4315 voeabula,
828 4267 894 4314 quse
912 4254 1030 4301 elidenda
1052 4257 1147 4312 esseut,
1165 4257 1228 4301 vitia
1245 4257 1413 4304 conmxsriut

141 4347 218 4392 saepe
244 4333 294 4379 iam
320 4334 439 4381 vidimus.
464 4335 591 4381 simillimi
616 4338 702 4381 antem
725 4339 786 4382 snut
808 4348 909 4382 errores
931 4338 982 4396 φύει
1001 4348 1047 4394 pro
1070 4335 1135 4396 φύει·
1156 4341 1178 4381 Ζ
1199 4336 1255 4396 149,
1271 4337 1351 4401 βρέμει
1368 4349 1411 4395 pro

140 4414 231 4476 βρέμεί
251 4416 273 4459 Δ
290 4415 348 4473 425,
367 4416 450 4475 ἔφθιεν
467 4430 514 4475 pro
533 4418 619 4477 Ιφθιτο
637 4420 657 4461 Σ
673 4417 729 4460 446.

174 4489 193 4553 ³)
212 4493 323 4539 Litteras
341 4493 419 4552 igitur
439 4494 654 4556 ΠΕΑΕΤο(1«,’)ΔΕ
670 4495 737 4541 male
756 4496 916 4554 interpretati
931 4498 992 4541 suut
1009 4496 1228 4556 transscriptores,
1244 4508 1302 4541 enm
1321 4499 1409 4541 Enseu

141 4571 321 4619 intercidisset.
