3120 5124
141 106 301 167 adiectiva
335 106 473 178 migrare
506 105 665 177 videntur,
702 104 758 164 sed
793 105 941 164 videntur
974 105 1113 178 tentum,
1145 105 1295 177 corrupta
1324 105 1430 163 enim

141 209 182 268 ad
205 222 264 267 nos
287 207 519 281 pervenerunt:

230 306 392 386 δενδρήεις,
414 307 474 380 leg.
499 305 672 385 δενδρεόεις,
695 322 714 367 a
737 308 840 367 subst.
866 304 1017 386 δένδρεον,
1042 306 1082 367 ολ.
1106 307 1125 376 5
1149 307 1202 367 63.

233 407 359 485 τιιόήεις,
379 408 440 481 leg.
464 406 627 484 τιιόαιιόεις,
648 413 679 466 Λ
704 409 776 468 183.

234 507 363 589 εόρώεις,
384 510 446 583 leg.
469 506 592 587 ήερόεις,
615 511 679 570 vid.
704 511 744 570 ad
772 511 800 568 Τ
820 512 872 571 65.

232 610 363 688 κητώεις,
386 611 407 670 l.
431 626 458 671 a.
481 609 633 687 καιετάεις,
658 612 682 668 Β
708 611 770 670 681
797 610 814 669 d
841 613 868 671 1.

233 708 349 788 ὠτώεις,
371 712 432 787 leg.
457 709 600 788 οὐατόεις,
621 712 660 772 cf.
685 713 703 782 ἓ
729 714 779 772 72.

189 815 325 875 Sextum
366 813 573 887 adiectivum,
614 815 698 886 quod
740 815 809 872 ita·
830 813 1008 873 formatum
1043 817 1104 888 est,
1140 811 1247 890 κηόεις
1279 791 1458 890 (nadad

144 937 225 975 ,εντα
249 920 278 974 Γ
297 917 361 976 382
386 918 410 973 Ζ
434 915 497 974 288
521 914 553 972 Ω
575 916 635 974 191
662 938 677 975 ο
699 897 751 984 99)
776 916 852 987 quin
876 916 956 975 item
980 917 1166 989 corruptum
1192 916 1237 975 sit
1258 915 1312 975 vix
1330 913 1394 987 quis
1432 890 1458 935 ⁵

145 1033 243 1090 quam
266 1018 401 1092 dubitat,
425 1017 584 1090 quomodo
607 1018 651 1077 sit
675 1017 898 1091 corrigendum
923 1032 1019 1077 nemo
1043 1017 1134 1076 dixit.

189 1118 263 1178 Alia
292 1133 406 1178 revera
432 1119 616 1178 discedunt:
650 1117 770 1194 δινήεις,
800 1116 933 1195 έηχήεις,
959 1116 1105 1194 λαχνήεις,
1126 1115 1270 1196 πετρήεις,
1292 1114 1458 1193 ττοιήειςῤ

144 1218 282 1296 τεχνήεις,
307 1217 429 1295 τῑμήεις,
457 1206 567 1296 ὑλήεις,
598 1221 632 1278 in
663 1220 780 1292 quibus
811 1220 922 1293 stirpis
952 1219 1073 1279 vocalis
1095 1241 1125 1295 η,
1148 1233 1247 1292 quam
1271 1220 1411 1279 metrum
1435 1215 1458 1263 J

145 1321 306 1395 tuebatur,
330 1320 454 1380 intacta
475 1321 664 1394 permansit.

189 1422 310 1482 Dubiae
346 1421 479 1494 originis
517 1425 568 1481 est
599 1421 734 1481 Vulcani
773 1421 938 1495 epitheton
968 1418 1148 1501 ἀμφιγυήεις
1173 1423 1203 1479 Α
1234 1421 1298 1481 607
1331 1423 1413 1493 etc.;

144 1537 248 1596 neque
281 1523 440 1594 quomodo
470 1522 648 1582 formatum
679 1523 723 1582 sit
752 1520 911 1597 κολλήεντα
934 1526 1001 1596 (pro
1024 1522 1159 1598 κολλητά)
1192 1521 1308 1581 0389
1333 1521 1415 1582 satis

144 1625 285 1697 apparet.
310 1624 486 1696 Analogiae
509 1639 584 1684 vero
609 1624 715 1683 deberi
742 1623 868 1684 videtur
891 1623 1088 1684 adiectivum
1111 1622 1220 1700 τελήεις
1248 1619 1416 1700 (τεληέσσας

145 1721 309 1803 ἑκατόμβας
343 1728 373 1783 Α
404 1726 468 1784 315
500 1727 582 1800 σέο),
615 1741 635 1784 a
665 1727 764 1799 stirpe
794 1729 874 1783 τελεσ
904 1727 1055 1799 ductum;
1080 1725 1306 1799 expectaveris
1328 1725 1417 1785 enim

144 1822 291 1897 τελεέσσας
312 1826 362 1897 (ci.
384 1826 473 1899 Tyrt.
493 1825 530 1885 ir.
548 1828 579 1901 4,
593 1827 623 1896 2)
643 1829 700 1886 aut
719 1821 879 1897 τελιιέσσας
892 1830 935 1896 (--
946 1823 1156 1896 τελεσέέσσας).
1174 1826 1279 1886 Simili
1292 1826 1418 1886 ratione

144 1929 259 1988 natum
280 1929 331 1988 est
351 1925 465 2003 κοτήεις
486 1929 514 1984 Ε
533 1928 593 1987 191
616 1944 633 1987 e
654 1928 753 2002 stirpe
771 1943 863 1986 κοτεσ.
885 1926 1010 1987 (lartius
1030 1927 1131 1987 etiam
1150 1928 1279 1987 constat
1298 1941 1419 2003 pravae

145 2029 311 2103 analogiae
335 2027 442 2089 deberi
464 2027 585 2089 formas
608 2026 780 2105 ὑψιπετήεις
804 2032 835 2087 Χ
856 2030 919 2089 308
936 2051 1003 2087 Ξο
1028 2029 1102 2103 538,
1127 2027 1293 2105 αἰπήεσσαν
1320 2029 1349 2086 Φ
1365 2029 1417 2104 87,

145 2130 261 2208 μεσήεις
286 2134 323 2190 Μ
347 2132 421 2206 269,
445 2129 650 2206 φαιδιμόεντες
675 2133 710 2190 Ν
730 2132 804 2207 686,
836 2126 976 2203 ὀξυόεντα
1001 2132 1029 2187 Ε
1053 2131 1116 2190 668
1140 2151 1200 2188 -ντι
1224 2131 1253 2187 Ε
1276 2130 1321 2189 50
1344 2133 1418 2203 ete„

144 2232 307 2311 τροφόεντα
331 2233 357 2291 Ο
381 2232 443 2292 621
468 2253 486 2309 γ
510 2232 583 2306 290,
608 2228 801 2310 ἀλγινόεσσαν
824 2252 907 2291 -εντα
931 2232 1008 2292 Η33.
1032 2231 1150 2305 Theog.
1176 2231 1250 2305 214,
1276 2230 1342 2290 226
1366 2230 1418 2300 (cf.

145 2335 163 2403 5
193 2335 253 2410 18),
285 2330 457 2411 ἀργινόεντα
488 2334 513 2390 Β
543 2335 618 2408 847,
650 2335 724 2409 653,
756 2335 931 2393 avocibus
955 2328 1112 2408 ὑψιπέτης,
1137 2330 1212 2408 αἰπή
1236 2332 1288 2402 (ci.
1313 2332 1331 2400 5
1358 2333 1420 2408 75),

144 2432 242 2512 μέσος,
263 2432 414 2510 φαίδιμος,
434 2428 513 2509 όξός,
530 2455 629 2511 τροφ,
649 2431 726 2512 όλγ,
745 2430 815 2514 ἀργ-
835 2435 958 2509 ductas,
983 2449 1065 2506 quae
1086 2433 1192 2493 sintne
1212 2434 1293 2508 ipsis
1313 2433 1419 2507 poetis

145 2550 259 2595 omnes
281 2534 489 2608 imputandae
512 2536 672 2595 incertum
697 2538 747 2595 est
770 2536 802 2604 ¹).

190 2636 327 2696 Gravius
343 2635 508 2695 offendunt
528 2635 686 2695 adiectiva
706 2636 869 2710 nonnulla,
885 2637 917 2695 in
931 2637 1048 2710 quibus
1060 2637 1203 2711 syllabae
1215 2656 1279 2712 -ηε-
1292 2635 1346 2697 vel
1358 2655 1418 2695 -οε-

145 2740 328 2798 contractae
352 2739 444 2798 sunt:
470 2745 554 2814 τιμής
578 2741 596 2795 l
619 2740 692 2813 305,
722 2740 761 2798 cf.
791 2739 889 2798 schol.
919 2740 1034 2800 Aesch.
1062 2740 1168 2799 Prom.
1194 2740 1268 2813 235,
1292 2745 1416 2815 τιμήντα

144 2841 174 2896 Σ
193 2840 257 2898 475
285 2842 317 2898 et
344 2838 364 2898 l.
386 2854 415 2897 a.
436 2860 453 2896 κ
475 2838 527 2913 38,
549 2839 603 2898 nbi
627 2839 784 2899 refellitur
807 2841 911 2899 metro
936 2841 986 2909 (ci.
1011 2841 1028 2909 5
1054 2842 1094 2915 2),
1118 2847 1271 2918 τεχνῆσσαι
1296 2863 1316 2917 ή
1343 2840 1415 2914 110,

55 2977 58 2984 »
144 2937 344 3018 καιρουσσέων
357 2963 376 3017 η
391 2942 453 3001 107
468 2945 520 3010 (ex
540 2941 668 3014 Bergkii
688 2942 891 3015 coniectura),
904 2945 1049 3000 λωτεῦντα
1064 2942 1115 3002 vel
1126 2945 1276 3001 λωτοῦντα
1291 2944 1333 3001 Μ
1342 2943 1415 3016 283,

144 3050 224 3110 adde
255 3024 408 3126 Σιμοῦντα
440 3049 517 3108 Hes.
545 3049 661 3123 Theog.
687 3050 769 3123 3423
794 3050 858 3109 alia
883 3065 900 3109 e
924 3050 1154 3111 recentioribus
1174 3052 1327 3126 exempla
1348 3067 1415 3113 con·

145 3154 247 3224 gessit
269 3153 314 3212 Le
332 3152 439 3212 Roche
459 3151 499 3211 ad
519 3171 539 3226 η
562 3151 634 3210 107.
657 3151 723 3211 Sed
738 3152 770 3209 in
791 3151 950 3211 adiectivo
970 3150 1180 3226 φοινικόεσσαν
1199 3169 1284 3212 -σσαι
1305 3157 1332 3213 Κ
1356 3154 1415 3214 133

145 3253 160 3324 ξ
180 3254 245 3313 500
263 3275 286 3327 φ
309 3253 370 3313 118
396 3254 431 3309 Ψ
449 3253 510 3311 717
530 3251 719 3326 φοινικόεντα
741 3252 899 3327 011617),
925 3256 985 3313 137
1000 3255 1036 3323 (l)
1057 3254 1199 3317 1111313.
1221 3256 1298 3332 250,
1320 3278 1416 3334 φοινι-

144 3352 221 3425 κόεις
242 3354 318 3414 Hes.
344 3355 430 3415 Scut.
455 3355 526 3430 194,
545 3369 608 3413 non
632 3356 682 3414 est
706 3369 761 3414 cur
784 3356 992 3429 haereamus;
1014 3371 1077 3416 non
1098 3358 1186 3417 enim
1207 3360 1339 3420 vocales
1358 3379 1416 3420 οε

145 3455 310 3515 confluunt
332 3456 388 3515 sed
414 3458 517 3516 metro
547 3457 679 3528 cogente
703 3457 873 3530 corripitur
897 3458 1017 3518 vocalis
1039 3479 1088 3533 -ι-,
1113 3459 1176 3520 vid.
1201 3461 1219 3530 5
1245 3460 1297 3521 18.

149 3605 299 3613 ———-
319 3608 367 3613 .—

179 3684 197 3749 ¹)
214 3688 373 3735 Adiectivum
396 3690 555 3749 φαιότμόιντις
572 3690 665 3749 legitur
683 3692 739 3737 loco
758 3705 835 3750 quem
855 3694 989 3752 postmodo
1008 3694 1136 3742 adiectum
1155 3710 1212 3743 esse
1236 3701 1353 3753 constan
1371 3712 1417 3758 pro

144 3769 272 3824 αἰπήεσσαν
289 3769 376 3814 Nauck
394 3770 503 3815 coniecit
522 3772 669 3827 ήτεμόισοαν,
689 3784 735 3830 pro
752 3776 843 3830 μεσήεις
860 3773 957 3820 Goebel
974 3775 1141 3833 probabiliter
1154 3778 1255 3835 γεωργός
1269 3777 1415 3838 rescripslt;

143 3845 232 3892 hastae
250 3847 381 3906 epitheton
408 3846 500 3902 όΞυόεις,
527 3849 645 3896 undecim
671 3851 733 3897 locis
757 3852 870 3907 obvium,
892 3853 964 3899 fuere
993 3854 1038 3912 qui
1060 3854 1092 3901 ab
1116 3855 1215 3903 arboris
1233 3857 1335 3904 nomine
1361 3855 1417 3910 όξόο

145 3923 251 3971 ductum
269 3940 326 3973 eece
344 3927 534 3984 contenderent,
552 3928 578 3974 id
596 3929 666 3987 quod
683 3929 807 3977 credibile
822 3935 907 3977 tamen
924 3945 973 3978 non
990 3936 1044 3988 ect;
1062 3935 1115 3981 veri
1131 3936 1171 3981 eet
1186 3935 1296 3983 similius
1310 3935 1343 3983 ad
1359 3936 1415 3983 imi·

145 4004 267 4051 tationem
283 4005 400 4052 adiectivi
416 4007 512 4069 όκριόεις
530 4012 550 4052 A
564 4009 611 4052 518
622 4010 679 4063 etc,
695 4008 801 4069 lapidum
816 4011 933 4069 epitheti,
948 4013 1134 4060 conformatum
1150 4026 1215 4061 esse.
1229 4015 1281 4062 Pro
1289 4019 1416 4081 τροφόεντα

145 4084 307 4129 Aristarchus
325 4102 338 4142 γ
357 4087 404 4131 290
423 4087 548 4148 τροφέοντο
568 4086 678 4144 legebat.
