3120 5124
740 386 808 430 Lxx

141 555 219 613 sunt
249 553 392 632 XLVIII,
424 553 597 630 significari
628 557 749 619 diceret
776 553 808 628 ¹).
843 557 1027 618 Secundum
1056 554 1190 617 verbum
1221 549 1301 614 ἄειδε
1332 552 1414 613 vltu-

141 654 274 730 perabat
303 656 505 734 Protagoras,
537 659 632 720 deam
662 658 790 721 Musam
820 674 935 735 parum
966 660 1079 720 decore
1101 655 1294 732 imperativo
1317 654 1414 716 modo

142 758 327 832 compellari
357 760 554 821 contendens
574 757 613 831 ²):
646 761 844 823 defendenda
876 761 976 836 igitur
1005 760 1075 821 erat
1103 759 1217 834 poetae
1241 756 1413 819 modestia

143 860 195 920 Sic
224 859 379 939 παροίνοις
409 862 594 923 huiusmodi
625 861 768 942 ζητήμασι
797 864 888 938 larga
919 859 1109 938 suppetebat
1132 859 1306 934 materies;
1330 873 1414 932 quae

142 962 251 1022 studia
268 963 323 1036 qui
343 964 463 1038 carpsit
481 965 674 1026 Aristoteles
695 965 789 1040 Soph.
802 965 932 1026 Elench.
947 964 991 1024 IV
1003 963 1192 1037 8Ρ661.26,
1212 962 1281 1036 1666
1301 963 1415 1021 tamen

142 1063 190 1124 eis
223 1064 367 1141 indulsit,
406 1081 481 1126 116111
520 1060 687 1144 Ὁμηρικῶν
723 1063 924 1146 ἀπορημᾶτων
957 1065 1009 1126 vel
1043 1061 1260 1144 προβλημάτων
1293 1062 1414 1124 librum

143 1165 272 1240 scripsit
290 1167 323 1238 ⁸).

186 1268 294 1330 Etiam
321 1270 355 1330 in
386 1271 471 1345 regis
491 1271 667 1332 Ptolemaei
688 1271 885 1346 Philadelphi
909 1269 1067 1332 convivus
1079 1262 1269 1329 'huiusmodi
1288 1265 1415 1327 lusibus

142 1370 368 1444 indulgebatur
375 1390 383 1447 ;
420 1373 483 1433 vid.
519 1373 651 1433 Proclus
685 1374 725 1434 ad
756 1373 833 1434 Hes.
864 1372 957 1448 Oper.
989 1373 1048 1432 97:
1079 1377 1142 1441 πῶς
1174 1366 1287 1445 ἔμεινεν
1319 1364 1351 1427 ἐν
1374 1376 1414 1451 τῷ

141 1470 224 1556 πίθῳ
253 1467 273 1548 ἡ
298 1468 395 1546 ctat„
432 1471 491 1534 ἔστι
521 1472 577 1555 γὰρ
607 1482 694 1534 τοῦτο
726 1471 758 1534 ἐν
785 1471 968 1553 ἀνθρώποις.
991 1479 1078 1532 τοῦτο
1102 1465 1135 1530 δὲ
1157 1464 1207 1528 ml
1231 1467 1373 1547 Κόριοινος
1397 1464 1413 1527 ὁ

140 1570 341 1653 ἀρχιοινοχόρς
371 1583 424 1636 τοῦ
455 1573 597 1656 βασιλέως
628 1577 809 1656 προύτεινεν·
837 1573 931 1655 φησὶν
954 1565 1010 1636 οὖν
1034 1572 1226 1653 Ἀρίσταρχος,
1248 1569 1292 1631 ὅτι
1315 1567 1335 1648 ἡ
1359 1565 1413 1650 μὲν

142 1683 200 1734 τῶν
223 1684 323 1735 κακῶν
343 1673 466 1755 ἔμεινεν,
487 1673 507 1756 ἡ
532 1674 564 1737 a
588 1687 646 1738 τῶν
668 1675 795 1758 ἀγαθῶν
815 1675 940 1755 ἐξῆλθεν
961 1678 992 1748 ⁴).
1017 1675 1162 1737 Sosiqus
1184 1672 1316 1749 quidam
1338 1687 1413 1733 cum

143 1777 314 1839 Nestorem
334 1794 447 1840 senem
464 1783 495 1838 A
512 1781 575 1841 636
597 1795 644 1852 66.
673 1779 746 1841 aliis
765 1779 955 1840 validimem
974 1778 1036 1841 dici
1059 1792 1123 1838 non
1142 1791 1238 1852 posse
1256 1775 1413 1849 censeret,

143 1878 235 1939 Aiaci
258 1879 346 1940 enim
370 1880 422 1941 vel
446 1881 564 1941 Achilli
586 1880 691 1942 multo
715 1881 822 1942 maius
854 1881 954 1941 luisse
981 1879 1087 1956 robur,
1110 1879 1158 1938 ita
1179 1879 1263 1938 hanc
1285 1872 1413 1953 ἀπορίαν

143 1979 333 2055 expediebat
354 1984 392 2041 ut
413 1982 447 2042 in
468 1984 583 2057 poetae
605 1983 713 2043 verbis

409 2079 496 2154 ἄλλος
519 2079 573 2161 μὲν
596 2081 717 2162 μογέων,
734 2079 951 2162 ἀπεκινήσοισιιε
973 2078 1116 2162 τραπέζης

410 2187 512 2245 πλεῖον
535 2182 595 2263 ἐὸν,
617 2182 739 2264 Νέστωρ
763 2179 793 2245 δ’
819 2182 836 2245 ὁ
859 2182 953 2266 γέρων
976 2180 1102 2264 ἀμογητί
1125 2178 1203 2261 ἄειρε
1476 2266 1481 2273 ι

145 2287 186 2347 61
208 2285 406 2347 adlectivum
429 2283 515 2358 ἄλλος
539 2290 649 2349 mente
673 2288 837 2363 suppleret
858 2283 961 2367 γέρον.
994 2286 1096 2363 Quem
1128 2283 1294 2345 hominem
1315 2280 1414 2341 nimia

145 2389 279 2448 acutum
307 2387 443 2449 ludibrio
466 2389 580 2449 habuit
602 2389 830 2464 Philadelphus
860 2385 900 2459 ὡς
922 2385 1179 2465 ἀπροσδιονύσους
1202 2383 1299 2454 λύσεις
1321 2401 1414 2461 πραγ-

145 2486 355 2566 ματευόμενοι,
380 2490 442 2551 vid.
466 2491 655 2551 Athenaeus
678 2490 725 2550 XI
749 2490 853 2551 4936.
878 2488 1085 2551 Ptolemaeus
1106 2487 1282 2560 Euergetes
1304 2497 1413 2544 secun·

146 2590 216 2666 dus,
262 2590 318 2664 qui
355 2591 581 2653 Aristarchum
616 2592 728 2654 habuit
769 2592 1020 2668 praeceptorem,
1055 2589 1280 2664 quaestionem
1314 2584 1414 2646 nihilo

147 2692 328 2764 graviorem
359 2693 542 2754 coniectura
573 2695 722 2769 expedire
754 2694 896 2769 studuit;
927 2707 1005 2753 uam
1029 2706 1105 2753 cum
1126 2690 1222 2766 poeta
1244 2689 1277 2748 Iu
1300 2687 1414 2749 descri-

148 2792 249 2853 bendo
284 2796 376 2854 antro
401 2792 558 2869 calypsus
585 2816 598 2854 ε
623 2797 663 2857 72
694 2796 789 2856 moloc
812 2795 1103 2856 commemorasset
1125 2792 1158 2852 Iu
1181 2792 1272 2866 prato
1295 2790 1415 2863 irriguo

146 2895 307 2971 florentes,
339 2896 399 2956 hos
436 2897 531 2958 flores
562 2912 625 2957 non
656 2912 752 2972 prope
784 2897 890 2958 fontes
921 2895 978 2957 sed
1006 2896 1040 2955 in
1071 2893 1258 2955 nemoribus
1288 2890 1414 2967 potissb

147 3011 240 3057 mum
269 2997 356 3072 gigni
388 2998 617 3073 intempestive
645 2999 803 3059 recordati
834 2999 911 3059 sunt
933 2997 1081 3058 homines
1103 2995 1198 3069 docti,
1222 2993 1415 3067 quapropter

146 3113 204 3158 rex
235 3098 329 3159 violis
359 3098 528 3160 substituit
562 3101 696 3162 herbam
727 3099 907 3175 palustrem
939 3097 1015 3174 σίον,
1045 3097 1109 3158 vid.
1142 3096 1259 3157 Athen.
1282 3095 1315 3154 Π
1338 3095 1379 3155 61
1390 3109 1415 3155 c.

147 3199 309 3260 libertum
341 3203 573 3275 grammaticos
605 3202 801 3278 appetivisse
832 3202 866 3262 et
888 3200 1031 3261 ridiculis
1053 3196 1296 3273 quaestionibus
1320 3208 1416 3270 saepe

147 3303 318 3376 expertum
336 3318 409 3364 6666
429 3305 570 3365 16616161
589 3304 762 3365 Suetonius
780 3300 813 3373 ⁵).
834 3303 944 3376 Neque
963 3301 1156 3376 Hadrianus,
1170 3299 1224 3373 qui
1236 3296 1417 3359 Homerum

147 3417 210 3462 non
240 3405 351 3477 magni
379 3405 518 3466 iaciebat
536 3402 569 3483 θ),
597 3422 672 3466 cum
695 3405 928 3466 Alexandriam
951 3404 1096 3466 venisset
1117 3402 1201 3463 luha
1224 3400 1416 3475 dignItatem

146 3519 242 3564 suam
265 3505 379 3567 habuit
403 3507 455 3583 „in
479 3507 590 3569 Museo
612 3507 734 3568 multas
754 3508 959 3581 quaestiones
979 3502 1212 3580 professoribus
1230 3515 1415 3577 proponere,

147 3620 229 3679 quas
250 3607 431 3682 propositas
453 3609 522 3683 ipse
545 3609 714 3669 dissolvit'’
735 3608 768 3678 ⁷).

194 3707 295 3768 Multa
325 3709 484 3771 eiusmodi
506 3710 708 3786 problemata
730 3709 875 3769 servavit
898 3708 1090 3769 Plutarchus
1112 3706 1146 3766 in
1170 3703 1417 3783 quaestionibus

151 3810 372 3872 convivalibus
391 3814 425 3887 ⁸),
450 3811 513 3873 vid.
538 3811 639 3872 etiam
662 3826 745 3885 quae
768 3811 808 3871 de
832 3809 981 3871 adverbio
1003 3816 1102 3880 ιιοιιιῶς
1125 3810 1154 3865 Α
1178 3807 1219 3868 25
1242 3804 1364 3881 profert
1384 3805 1418 3864 ln

184 3989 202 4056 ¹)
219 3995 309 4043 Seneo.
326 3995 408 4055 Epist
427 3996 458 4042 88
476 3994 491 4055 6
508 3997 548 4043 85.

183 4071 204 4137 ¹)
220 4073 277 4122 Vid.
294 4075 398 4121 Aristot
415 4075 510 4122 Poetis.
528 4078 568 4123 11.

184 4149 204 4213 ³)
222 4152 278 4199 vid.
295 4153 377 4200 Lehrs
394 4153 426 4201 de
443 4149 532 4201 Arist.2
548 4168 573 4216 p.
592 4156 648 4201 221.

184 4228 205 4293 ⁴)
224 4233 533 4282 6616666666ιὶ
551 4248 576 4296 p.
594 4236 652 4283 coo.

185 4307 206 4373 ⁵)
224 4310 280 4359 vro.
298 4313 401 4360 sueton.
419 4314 476 4361 sis.
495 4314 533 4361 ιο.

185 4385 207 4453 ⁸)
224 4390 404 4438 Antimachum
422 4392 446 4438 ei
463 4394 635 4452 praeferebat,
653 4393 701 4440 Dio
719 4394 788 4440 Cass.
809 4391 891 4440 LXIX
910 4392 932 4437 4.

184 4464 205 4530 ⁷)
223 4470 349 4529 spartian.
366 4471 487 4518 Hadrian.
506 4474 546 4519 10.

184 4542 207 4607 ⁸)
223 4547 304 4595 Lehrs
321 4543 410 4596 Arist²
426 4564 451 4610 6.
470 4552 517 4597 218
536 4564 574 4610 sq.
