3120 5124
152 414 165 483 1
182 415 221 484 54]
713 412 773 469 191

182 600 321 660 Praeterea
342 598 382 659 ci.
408 599 436 656 Κ
459 599 501 657 27
528 598 553 656 0
577 599 615 658 71
641 600 671 654 Σ
694 599 757 656 222
784 600 811 656 Τ
831 598 873 655 88
897 620 915 676 γ
938 598 979 657 82
1005 597 1023 657 δ
1047 600 1110 658 442
1140 603 1245 677 μ309
1267 616 1293 677 ψ
1314 606 1376 664 233

150 701 205 761 Hes.
223 700 326 772 aleog.
351 699 427 774 408,
453 699 527 759 696.

180 800 261 861 linus
286 801 347 861 buc
367 800 529 875 pertinent
547 801 618 875 loci,
639 799 694 860 ubi
716 800 805 860 urbis
825 815 943 860 nomen
964 800 1065 872 Πύλος
1090 803 1183 864 modo
1208 808 1379 868 masculini

146 903 240 976 penoris
264 903 458 963 adiectivum
485 898 694 978 (ἠμαθόεντος,
721 899 807 979 svn)
832 903 928 963 modo
951 902 1098 963 feminini
1123 902 1225 982 (ἱερῆς,
1247 904 1377 993 ἠγαθέῃ)

146 1003 275 1078 alatum
293 1019 371 1064 nam
389 1003 464 1064 hinc
482 1005 615 1077 apparet
631 1002 797 1063 dubitasse
817 1006 945 1064 veteres
962 1007 1111 1065 cantores
1128 1008 1234 1068 utrius
1251 1012 1379 1083 generis

146 1106 211 1165 asset
232 1105 302 1165 illud
333 1120 462 1165 nomen.
495 1105 586 1164 Idem
619 1104 705 1165 valet
735 1105 775 1165 de
797 1105 1013 1165 substantivis
1040 1102 1098 1184 ἀήρ
1123 1105 1235 1181 (masc.
1263 1114 1291 1169 Ε
1315 1114 1378 1174 770

147 1204 213 1266 aab
228 1228 244 1283 η
262 1209 333 1283 143,
356 1207 433 1267 alibi
455 1204 555 1284 fem),
580 1200 650 1276 ἁλός
671 1202 798 1282 (πολιοῖο
822 1208 851 1263 Y
865 1207 928 1266 229
949 1227 962 1265 ε
984 1208 1078 1267 41οι
1101 1210 1174 1286 132,
1196 1212 1252 1271 sed
1272 1218 1378 1292 πολιῆς

146 1309 232 1367 Atto
250 1307 330 1385 eta),
354 1307 428 1367 κίων
452 1306 565 1384 (masc.
589 1311 613 1365 θ
637 1309 679 1367 60
703 1309 775 1381 etc,
800 1309 876 1368 fem.
901 1330 920 1366 ο
945 1310 986 1368 53
1010 1308 1095 1383 etc).

178 1408 263 1484 locos,
294 1411 349 1470 ubi
380 1410 588 1470 Aristarchus
620 1409 780 1482 poeticam
813 1410 896 1469 hanc
927 1409 1111 1472 libertatem
1141 1414 1258 1492 tetigit,
1284 1418 1379 1479 alleri

147 1509 330 1573 lrietlaender
352 1512 494 1571 Ariston.
519 1525 549 1584 p.
575 1512 627 1570 31.

177 1612 243 1674 Vltio
276 1614 407 1674 debetur
446 1610 563 1672 πουλὺν
603 1605 647 1685 ἐφ’
687 1609 782 1689 ὑγρήν
822 1613 849 1668 li
883 1614 935 1688 27,
976 1613 1036 1686 leg.
1069 1613 1179 1674 πολλὸν
1213 1615 1380 1697 (adverb),

147 1710 288 1783 114183.

612 2131 798 2214 CAPUT
822 2133 877 2214 ll.

564 2333 759 2390 Declinatio
792 2333 914 2402 prima.

179 2515 254 2600 ltl.
273 2529 499 2592 Nominativus
524 2527 696 2600 singularis
720 2528 888 2587 nominum
910 2528 1137 2592 femininorum
1159 2534 1192 2593 in
1212 2556 1245 2610 ·η
1269 2537 1326 2595 aut
1345 2541 1379 2595 -ἅ

148 2621 203 2698 exit,
220 2632 462 2693 masculinorum
486 2631 519 2690 in
543 2650 601 2706 -ης.
626 2628 695 2689 Vid.
721 2629 739 2698 ἓ
763 2630 792 2688 5.

180 2722 340 2808 Discrepant
371 2723 429 2791 θεὰ
459 2746 531 2804 gen.
562 2733 637 2800 θεᾶς
669 2725 748 2801 (litt.
780 2724 920 2808 ἡθεός),
943 2733 1115 2811 Naucanio,
1141 2727 1225 2811 Φειοὶ,
1248 2735 1380 2813 Abduc,

148 2820 412 2912 Αι1ιελος,Ἑρμε1ι-ις,
441 2833 480 2894 de
504 2847 568 2904 qua
590 2831 747 2892 scribendi
773 2832 990 2893 inconstantia
1014 2837 1219 2897 conferantur
1243 2841 1377 2911 quaein

146 2923 160 2991 1
177 2928 190 2985 5
207 2935 448 2998 observavimus.

178 3028 361 3100 substantiva
392 3037 431 3097 ab
462 3035 631 3095 adiectivis
662 3035 695 3093 in
722 3055 773 3109 -ης
796 3038 854 3094 aut
877 3057 945 3107 ους
969 3038 1124 3116 derivata,
1150 3042 1289 3113 quaein
1314 3043 1376 3102 dia-

145 3125 205 3194 lecto
227 3142 329 3202 Attica
360 3139 512 3200 desinunt
542 3137 575 3196 in
605 3140 666 3194 -ειᾶ
696 3137 729 3195 et
758 3140 832 3212 -οιᾶ,
854 3137 887 3195 in
916 3138 1025 3212 lingua
1048 3141 1138 3215 epica
1161 3143 1378 3203 terminantur

145 3229 244 3301 ⁸illabis
269 3243 329 3318 -εΐη
361 3242 394 3301 et
424 3240 497 3316 οΐη,
528 3253 555 3298 e.
587 3253 617 3311 g.
649 3233 796 3313 ἀληθεΐην
831 3241 865 3296 Ψ
894 3241 956 3300 361
989 3240 1022 3299 Ω
1052 3243 1115 3303 407
1141 3266 1160 3320 η
1186 3245 1377 3305 astraba

144 3349 161 3386 ιι
182 3335 228 3402 120
253 3364 268 3422 ρ
301 3343 376 3417 108,
406 3342 468 3401 122
492 3361 516 3416 φ
547 3339 611 3399 212
635 3361 650 3415 χ
674 3339 749 3413 420,
774 3335 930 3418 abaciam»
955 3346 984 3400 A
1009 3345 1071 3404 149
1098 3345 1116 3402 I
1138 3345 1201 3403 372
1225 3346 1256 3404 h.
1281 3346 1376 3406 Mero.

146 3435 197 3513 lbi,
220 3441 356 3522 ἐυπλοΐην
379 3446 398 3502 Ι
419 3443 494 3503 362.
519 3440 637 3516 Quales
660 3441 771 3499 tamen
795 3440 857 3501 loci
888 3457 1003 3504 omnes
1026 3445 1072 3504 ita
1099 3447 1277 3519 comparati
1302 3451 1379 3506 sunt

144 3536 171 3593 lt
191 3548 235 3605 aut
262 3546 421 3623 positione
452 3545 508 3603 aut
536 3543 603 3601 ictu
634 3542 828 3615 producatur
860 3544 986 3617 syllaba
1009 3544 1125 3621 finalis,
1149 3548 1197 3606 ita
1222 3550 1259 3606 ut
1281 3548 1378 3608 incer-

143 3635 193 3700 110
220 3649 347 3709 maneat
381 3661 422 3707 an
458 3644 581 3705 vetusti
616 3643 649 3702 bi
683 3643 750 3702 sint
780 3660 903 3705 errores
935 3662 990 3720 pro
1025 3644 1180 3723 λληθέϊᾶν,
1216 3644 1384 3725 locatitia,

143 3730 256 3807 tallia.

173 3845 310 3911 Adiectivi
333 3849 397 3919 δῖος
420 3847 614 3907 femininum
638 3859 701 3905 non
725 3843 775 3922 δίη
799 3849 850 3906 est
874 3849 929 3907 sed
953 3847 1012 3923 δῖα,
1035 3865 1062 3908 e.
1087 3864 1117 3922 g.
1144 3851 1169 3906 B
1194 3853 1257 3909 615
1271 3846 1379 3909 Ἤλιδα

143 3936 190 4002 isat
207 3947 310 4029 ἔναιον,
332 3952 352 4009 Ι
373 3948 437 4010 662
461 3943 511 4005 καὶ
534 3943 592 4023 ἠόα
616 3945 684 4004 δῖαν
712 3943 821 4023 ἔμιμνε.

172 4045 435 4113 substantivorum
478 4049 512 4108 in
549 4045 595 4124 -ίη
627 4049 869 4108 excurrentium
901 4049 1026 4122 syllaba
1056 4050 1236 4124 penultima
1265 4052 1379 4112 multis

142 4138 197 4208 lotia
215 4168 265 4227 pro
288 4153 385 4225 longa
406 4150 562 4224 usurpata
585 4150 636 4208 est
659 4148 692 4206 in
716 4149 819 4210 thesi:
844 4145 969 4228 ἀλεργὶη
1000 4151 1077 4211 Hes.
1103 4150 1159 4224 Op.
1186 4153 1260 4227 311,
1290 4149 1379 4231 ἁλιρ-

141 4239 187 4322 11ης
209 4275 229 4312 ο
258 4255 332 4329 251,
368 4247 525 4333 ἀναλιιέῃσι
557 4247 651 4327 (-ηφι)
684 4252 708 4307 Ζ
742 4253 783 4310 74
816 4254 934 4328 Ρ320,
962 4255 1036 4327 337,
1069 4249 1193 4335 ἀνολβίῃ
1217 4254 1294 4313 Hes,
1321 4255 1377 4329 Op.

141 4343 195 4426 319,
220 4351 370 4432 ἀκομιστίη
401 4375 425 4429 φ
457 4353 532 4429 284,
563 4347 712 4435 ἀιῑμίῃσιν
743 4374 762 4410 ν
796 4356 868 4430 142,
902 4351 978 4432 tortu
1003 4357 1018 4427 ξ
1045 4355 1106 4414 159
1131 4375 1146 4411 ι
1170 4355 1233 4415 304
1258 4377 1277 4413 v
1303 4355 1378 4430 231,

137 4435 217 4529 Ἱστίην
237 4456 312 4518 Hes.
336 4455 453 4529 Theog.
477 4456 552 4529 454,
577 4448 773 4532 κακοιῑεργίης
796 4478 812 4532 χ
832 4458 906 4531 374,
929 4451 1116 4538 προθῡμῗησι
1142 4452 1236 4532 (mot)
1258 4457 1282 4512 B
1303 4457 1378 4531 588,

137 4537 281 4634 ’Μνησλην
310 4559 334 4616 Β
358 4558 421 4620 573
443 4553 641 4634 (Ίλιερησέιην
668 4570 740 4630 pap.
765 4557 883 4634 Patrio)
909 4580 925 4617 o
950 4560 1024 4634 254,
1049 4552 1245 4640 ὑπεροπλίῃσι
1270 4554 1379 4640 (antip)
