3120 5124
739 445 829 489 oxvn

141 613 207 695 περὶ
235 619 320 675 θεῶν
341 613 375 686 ¹).
408 616 499 678 Plato
531 618 652 692 antem,
684 631 747 690 quo
777 631 874 677 nemo
896 616 1077 677 Homerum
1100 620 1157 678 aut
1180 617 1299 679 melius
1321 617 1417 676 norat

141 719 199 779 aut
221 718 364 779 vividius
387 719 617 795 admirabatur,
641 720 772 795 saepius
794 721 906 780 tamen
929 734 1005 780 eum
1028 718 1174 782 refellere
1195 718 1416 779 necessarium

141 820 244 895 duxit,
267 820 303 880 in
326 821 459 882 civitate
482 823 594 882 autem
617 836 677 880 sua
700 820 808 881 locum
831 821 861 880 ei
885 821 1016 881 concedi
1039 835 1103 881 non
1125 836 1221 896 posse
1245 815 1416 889 censuit').

186 921 238 983 Sic
262 924 413 996 paratam
436 923 498 983 sibi
521 923 611 983 viam
634 922 819 984 inveniebat
842 922 892 982 vir
915 938 933 983 e
958 921 1149 996 cynicorum
1172 921 1283 984 schola
1306 922 1415 983 Zoilus

141 1018 428 1099 Amphipolitanos
458 1025 648 1099 cognomine
669 1017 895 1101 Ὁμηρομάσιιξ,
916 1023 971 1097 qui
994 1022 1053 1085 1v⁰
1077 1025 1135 1084 ant
1157 1024 1221 1084 ΙΙΙ0
1243 1023 1320 1085 anto
1344 1022 1415 1084 Chr.

140 1125 273 1188 saeculo
294 1119 427 1204 Ὁμήρου
448 1125 547 1207 ψόγον
570 1129 604 1187 ot
625 1125 731 1206 λόγους
755 1121 841 1185 ἐννέα
863 1121 937 1184 κατὰ
959 1131 1011 1202 τῆς
1028 1119 1160 1204 Ὁμήρου
1183 1123 1328 1202 ποιήσεως
1351 1140 1415 1185 non

139 1228 247 1289 iocose
277 1228 409 1303 scripsit
437 1229 495 1289 sed
524 1243 564 1289 ea
593 1227 770 1289 acrimonia
793 1242 894 1301 eoque
916 1227 1117 1301 improbandi
1140 1227 1247 1288 studio
1269 1226 1414 1300 insignes

139 1345 204 1403 quo
238 1328 463 1403 theologorum
497 1332 610 1405 postea
643 1329 820 1403 flagrarunt
854 1328 944 1403 odia;
980 1330 1173 1404 quapropter
1207 1327 1247 1388 ab
1282 1327 1415 1388 Homeri

139 1431 393 1492 admiratoribus
423 1431 599 1493 vocabatur
622 1430 654 1491 τὸ
677 1429 825 1513 θρριιικὸν
849 1427 1052 1508 ἀνδράποδον,
1074 1427 1136 1489 ἄνω
1159 1427 1209 1489 καὶ
1232 1427 1310 1488 κάτω
1334 1425 1416 1501 τινὰς

140 1531 253 1611 λήρους
277 1536 460 1610 φληναφοῦν
481 1525 511 1603 ’).

186 1635 253 1696 Alii
284 1635 442 1710 οῖὶορονίοι
468 1633 647 1696 Homerum
671 1634 875 1711 interpretari
899 1635 1102 1711 studuerunt,
1128 1635 1167 1694 ut
1188 1634 1235 1695 ita
1257 1632 1417 1694 diluerent

140 1752 225 1811 quae
257 1739 370 1798 contra
400 1752 476 1798 eum
507 1735 725 1812 proferrentur
756 1737 901 1798 crimina.
934 1735 1046 1796 Martis
1076 1752 1103 1797 e.
1128 1751 1158 1810 g.
1190 1750 1265 1796 cum
1291 1734 1416 1796 Venere

140 1839 377 1900 commercium
407 1838 486 1900 nihil
518 1838 636 1900 habere
663 1839 746 1912 quod
769 1853 833 1899 non
857 1834 1161 1899 innocentissimum
1184 1838 1273 1898 osset
1294 1837 1416 1911 gravis·

139 1955 204 2014 que
235 1939 416 2015 sapientiae
444 1939 675 2002 documentum
708 1940 968 2001 demonstratum
997 1941 1098 2016 ibant,
1124 1939 1156 1999 id
1179 1938 1356 2000 efficientes
1379 1940 1416 1998 ut

139 2057 158 2103 e
182 2040 271 2103 dulci
292 2044 442 2117 poemate
464 2039 579 2102 flerent
599 2042 724 2103 insulsa
743 2041 898 2102 derebus
920 2041 1124 2102 naturalibus
1143 2041 1337 2102 commenta.
1363 2039 1414 2100 Sic

141 2142 315 2204 canticum
342 2141 548 2204 canticorum
571 2142 649 2204 olim
671 2158 736 2204 non
758 2158 889 2204 carmen
912 2143 1122 2218 pastoricium
1145 2142 1240 2216 idque
1263 2141 1415 2203 suavissi-

141 2260 238 2306 mum
271 2259 345 2306 esse
379 2245 569 2306 credebatur
601 2247 659 2307 sed
693 2246 884 2308 vaticinium
919 2247 1097 2322 mysticum
1129 2246 1167 2306 de
1192 2244 1310 2306 Christi
1340 2232 1430 2303 cum‘

141 2346 282 2409 ecclesia
312 2361 373 2407 sua
404 2346 637 2408 coniunctione.
670 2346 762 2408 Hanc
785 2347 964 2408 Homerum
989 2347 1170 2421 explicandi
1193 2346 1297 2406 artem
1321 2346 1416 2405 sexto

141 2451 218 2510 ante
243 2448 315 2510 (ihr.
336 2447 466 2510 saeculo
486 2448 586 2510 coluit
603 2449 792 2525 Theogenes
812 2449 955 2524 Rhegius
975 2452 1059 2511 teste
1078 2448 1178 2510 schol.
1195 2449 1284 2522 Tot,
1303 2447 1417 2521 postea

141 2551 296 2612 foverunt
328 2551 539 2625 Anaxagoras
570 2552 703 2626 eiusque
734 2551 912 2626 discipulus
942 2552 1141 2613 Metrodorus
1164 2551 1414 2625 Lampsacenus,

140 2652 257 2713 deinde
280 2653 314 2712 in
333 2652 457 2714 deliciis
476 2653 575 2714 Stoici
597 2654 789 2728 praesertim
808 2654 989 2715 habuerunt
1007 2652 1186 2728 philosophi
1205 2651 1415 2723 omniumque

141 2754 290 2814 maxime
317 2752 428 2815 Grates
459 2753 599 2830 Mallote,
630 2770 728 2829 quem
759 2755 890 2830 saepius
919 2755 1116 2829 vituperavit
1142 2754 1352 2814 Aristarchus
1375 2751 1417 2812 ab

139 2855 328 2916 huiusmodi
354 2855 450 2930 nugis
477 2855 714 2932 alienissimus;
749 2855 858 2930 qualia
880 2858 992 2916 autem
1016 2857 1049 2916 in
1073 2856 1135 2917 hac
1157 2858 1226 2916 arte
1250 2855 1415 2931 praestite-

139 2957 207 3017 rint
229 2957 360 3018 veteres
381 2957 502 3032 optime
530 2957 645 3018 docent
673 2957 840 3034 Heracliti,
866 2958 920 3030 qui
947 2958 1051 3032 primo
1081 2960 1155 3033 post
1181 2957 1253 3018 Chr.
1286 2955 1416 3018 saeculo

141 3059 266 3119 vixisse
285 3059 422 3135 videtur,
446 3059 528 3119 liber
547 3059 586 3119 de
606 3058 777 3133 Allegoriis
799 3058 981 3120 Homericis
1002 3056 1023 3129 ⁴)
1044 3061 1078 3120 et
1097 3059 1263 3133 Porphyrii
1283 3073 1415 3132 opuscu-

140 3161 211 3222 lum
229 3156 298 3240 περὶ
316 3168 369 3221 τοῦ
390 3157 422 3220 ἒν
437 3155 592 3244 Ὀδυσσείᾳ
613 3168 671 3220 τῶν
691 3162 832 3238 Νυμφῶν
854 3157 963 3239 ἄντρου
985 3161 1080 3222 tortio
1100 3162 1175 3236 post
1193 3160 1265 3222 Chr.
1287 3160 1416 3221 saeculo

142 3263 369 3339 compositum.
394 3263 460 3324 Nec
489 3277 554 3324 non
585 3265 618 3324 in
641 3263 773 3324 Hesiodi
795 3264 993 3324 carminibus
1016 3262 1265 3338 interpretandis
1292 3261 1416 3336 passim

142 3364 222 3425 talia
252 3364 359 3426 moliti
388 3365 467 3425 sunt
496 3368 633 3443 veteres,
665 3345 758 3427 cuius
781 3366 880 3426 studii
901 3365 1007 3426 multa
1029 3365 1224 3425 documenta
1242 3362 1418 3437 supersunt

143 3466 176 3526 in
202 3466 308 3528 Procli
326 3465 548 3542 Neoplatcnici
566 3469 606 3529 ad
627 3468 805 3529 Hesiodum
829 3467 969 3528 scholiis.
994 3467 1112 3528 Postea
1134 3467 1181 3527 ita
1203 3465 1315 3539 nugati
1339 3467 1416 3525 sunt

144 3568 263 3629 Tzetza
284 3569 318 3630 et
340 3568 541 3631 Eustathius.

188 3669 270 3746 Quid
304 3669 389 3744 quod
418 3670 555 3732 eandem
594 3671 682 3732 viam
720 3670 773 3731 his
803 3671 897 3731 annis
931 3670 1053 3730 institit
1085 3684 1187 3731 senex
1222 3667 1415 3730 venerabilis

180 3889 198 3951 ¹)
215 3891 322 3952 Diogen.
339 3891 401 3938 vm
420 3893 459 3939 ol.

179 3964 279 4032 ’ΠΜ
298 3969 331 4018 da
348 3971 411 4032 Rep.
429 3971 469 4018 111
486 3972 552 4019 soca
568 3973 591 4020 X
608 3973 680 4021 oola.

178 4042 199 4109 ⁸)
214 4048 336 4098 Heraclit
355 4049 436 4110 dlleg.
453 4050 527 4098 Hom.
546 4052 586 4098 14.

180 4123 200 4190 ⁴)
216 4129 366 4190 Antiquiora
391 4128 474 4177 multo
491 4130 568 4178 huius
584 4130 664 4178 studii
681 4132 798 4191 exempla
816 4131 941 4190 praebent
956 4131 1098 4191 Xenophon
1115 4131 1221 4178 Memor.
1238 4131 1251 4177 I
1269 4133 1283 4178 8
1302 4130 1317 4191 ὅ
1333 4132 1356 4193 i,
1370 4132 1415 4179 nbi

151 4206 261 4256 Socrates
282 4221 330 4269 per
352 4209 438 4257 iocum
462 4211 556 4258 οῐισθαι
572 4210 635 4259 diost
652 4214 690 4259 xci
708 4212 749 4271 τὴν
770 4215 859 4276 Κίρκην
877 4209 902 4266 ὖς
918 4220 992 4258 ποιιῖν
1012 4214 1124 4264 τοιούτοις
1140 4215 1232 4265 πολλοῖς
1248 4211 1416 4267 διιπυιζουσαν,

151 4286 187 4331 riv
202 4287 227 4333 II
240 4288 353 4336 odorata
366 4287 456 4354 Ἑρμοῦ
473 4291 643 4353 ὑποθημοσύνῃ
662 4292 700 4337 aci
717 4291 788 4338 αὐτὸν
807 4294 906 4355 hupert
923 4290 979 4337 ὄντα
997 4293 1035 4337 καὶ
1057 4292 1223 4351 ἂποσχόμινοι
1243 4297 1284 4337 ποῦ
1301 4293 1358 4356 ὐπὸρ
1377 4292 1417 4338 τὸν

152 4368 224 4432 modo
248 4366 293 4416 τῶν
317 4372 430 4417 τοιούτοιν
456 4370 583 4426 onerosae,
609 4371 648 4419 διὰ
671 4377 745 4418 τοῦτο
770 4372 823 4419 coil
846 4372 958 4431 γινέσθαι
982 4368 1016 4426 ὗν,
1039 4373 1066 4418 oi
1081 4371 1155 4418 Plato
1174 4371 1278 4418 Thesei·
1298 4372 1360 4418 158⁶
1375 4371 1417 4430 τὴν

152 4457 232 4509 ιρυσῆν
257 4460 335 4516 σιῑραυ
360 4448 394 4511 (Θ
419 4447 461 4511 lo)
484 4450 551 4496 oootv
573 4451 629 4498 itte
653 4450 723 4511 ἢπόν
743 4454 805 4511 ἥλιον
819 4451 918 4516 Ὅμηρος
934 4452 994 4510 λέγει
1013 4449 1056 4512 (cf.
1075 4451 1136 4497 Eur.
1154 4452 1195 4497 Or.
1215 4447 1282 4513 ool).
1301 4476 1331 4485 —
1351 4451 1417 4507 Quin

152 4530 248 4585 praeire
271 4545 331 4580 uro
357 4533 436 4577 natus
461 4532 538 4589 pcata
563 4531 607 4589 qni
632 4535 752 4595 Πριοβιιᾳ
768 4531 876 4578 inseruit
899 4528 1036 4577 Phoenicis
1058 4542 1280 4590 sermones3nam
1298 4529 1414 4590 quaeda

151 4605 260 4659 Precibus
276 4611 404 4660 dicuntur
421 4613 437 4656 i
455 4607 567 4656 ool-oro
584 4609 729 4670 perfectum
752 4610 879 4671 praebent
895 4609 1016 4657 dictionis
1033 4609 1187 4669 allegoricae
1206 4609 1360 4671 exemplum.
