3120 5124
762 397 803 455 28
1339 394 1368 465 [i
1395 396 1417 454 5

187 586 329 660 Apparet
352 585 450 657 igitur
474 571 639 645 sexcentis
662 584 741 644 locis
765 584 947 646 Homericis
967 598 1132 645 occurrere
1153 581 1250 658 alpha
1268 582 1415 658 longum,

142 687 259 761 quibus
282 685 428 747 vocalem
453 708 472 762 η
496 686 604 760 quivis
628 688 842 761 exspectaret,
863 688 891 746 si
912 687 1056 760 linguam
1078 684 1202 759 epicam
1215 683 1329 744 eadem
1342 683 1416 758 lege

142 804 206 861 qua
236 788 409 848 dialectum
442 788 587 848 Ionicam
618 788 721 848 teneri
753 790 926 850 constaret.
961 788 1021 849 Sed
1046 802 1109 847 non
1133 786 1184 846 est
1206 800 1264 845 cur
1286 785 1320 846 id
1342 800 1414 846 con·

141 889 315 949 tendamus
339 889 390 949 vel
413 890 600 964 credemus;
624 890 726 950 immo
750 890 821 964 ipsa
845 890 999 966 carmina,
1031 889 1148 962 quibus
1172 886 1251 947 solis
1274 888 1416 948 testibus

143 991 265 1051 utimur
295 990 507 1064 locupletibus
539 991 578 1052 de
610 990 748 1051 dictione
772 991 872 1066 epioe,
897 992 936 1051 ab
961 1005 999 1051 ee
1022 989 1093 1063 lege
1116 988 1239 1064 passim
1265 989 1416 1050 recedere

143 1092 299 1152 videmus.
337 1090 432 1152 Casui
467 1094 579 1152 autem
610 1093 717 1167 potius
749 1108 847 1166 quam
880 1093 978 1153 certis
1009 1091 1202 1165 quibusdem
1233 1092 1416 1166 praeceptis

141 1194 218 1253 data
242 1209 338 1268 opera
362 1194 543 1254 observetis
563 1193 769 1254 tribuendum
789 1195 964 1267 essequod
986 1195 1082 1255 modo
1102 1192 1159 1252 illa
1175 1192 1298 1252 vocalis
1317 1193 1414 1253 modo

142 1296 221 1355 haec
254 1296 288 1355 in
318 1296 412 1355 textu
442 1296 561 1356 tradito
592 1295 780 1371 reperiatur,
812 1295 1034 1369 intellegimus
1065 1295 1093 1354 si
1124 1294 1234 1354 omnia
1256 1293 1413 1354 vocabula

141 1398 348 1471 rependimus
378 1412 460 1470 quae
492 1411 590 1470 supra
620 1399 697 1456 sunt
728 1400 928 1472 enumerata,
957 1399 989 1458 et
1013 1397 1132 1457 clarius
1156 1396 1256 1456 etiam
1280 1397 1414 1470 apparet

141 1499 262 1560 talibus
285 1499 364 1560 locis
386 1500 441 1559 ubi
464 1499 525 1573 ipsi
546 1501 674 1559 veteres
692 1499 807 1559 incerti
826 1499 1012 1560 haerebant.
1035 1499 1086 1559 Sic
1106 1498 1288 1559 zenodotus
1307 1500 1337 1555 Σ
1349 1498 1411 1557 592

141 1599 239 1660 dabat
258 1598 405 1678 Ἀριήδνη,
428 1622 444 1661 ο
465 1601 529 1660 244
554 1599 744 1678 Ἀμφιάρηος,
770 1601 806 1659 Ν
822 1601 886 1661 824
906 1600 1040 1681 βοογήιε,
1061 1602 1094 1659 Ν
1107 1602 1169 1661 166
1190 1602 1224 1660 et
1245 1602 1307 1660 257
1333 1597 1413 1676 ἔηξα,

142 1704 171 1760 Α
203 1703 267 1761 530
296 1700 413 1779 ιρητός,
443 1705 472 1761 A
496 1704 537 1764 56
561 1705 593 1763 et
620 1704 681 1762 198
714 1698 801 1781 ὁρηαο
826 1705 907 1776 (sive
932 1701 1019 1783 δρηιο
1051 1702 1190 1764 voluerit
1221 1701 1291 1761 sive
1316 1695 1413 1779 δρητο,

142 1801 181 1863 cf.
216 1803 233 1871 ἓ
267 1804 351 1880 195),
375 1827 392 1884 y
426 1807 443 1865 7
476 1803 674 1881 πενιηκόσιοι,
708 1804 917 1866 Aristarchus
952 1820 1029 1866 vero
1063 1802 1200 1881 Ἀριάδνη
1232 1800 1412 1881 Ἀμφιάρᾱος

142 1895 264 1982 βουγάιε
299 1902 369 1978 ἔᾱξα
402 1904 509 1984 κρᾶιός
539 1902 627 1985 ὁρᾶτο
658 1904 853 1966 πενιᾱιιόσιοι.
886 1907 992 1967 Etiam
1016 1907 1149 1967 nomina
1173 1895 1291 1981 Βιάνωρ
1314 1909 1346 1963 Λ
1369 1905 1410 1965 92

143 2007 176 2066 et
192 1999 283 2078 Ῥείας
308 2003 429 2083 Ξ203,
461 2007 501 2067 ab
532 2008 720 2068 Aristarcho
743 2009 791 2068 sic
822 2010 952 2083 scripte,
984 2009 1068 2083 apud
1092 2007 1174 2068 elios
1201 2007 1412 2079 (Zenodotum

142 2108 291 2178 fortasse)
332 2108 410 2169 olim
453 2109 615 2169 habebant
656 2110 803 2169 vocalem
844 2132 873 2186 η.
911 2110 955 2172 Oi.
1000 2110 1045 2169 La
1088 2109 1196 2169 Roche
1229 2108 1411 2169 Textkritik

142 2223 172 2283 p.
198 2210 260 2270 301
285 2225 332 2282 sq.

188 2311 352 2386 Quaedam
387 2313 497 2372 autem
535 2328 575 2372 ex
609 2313 650 2373 iis
685 2328 767 2387 quae
798 2315 893 2374 modo
926 2313 1101 2373 attulimus
1132 2312 1292 2388 exemplis
1323 2313 1410 2374 viam

143 2414 235 2474 nobis
269 2414 384 2487 parant
419 2413 459 2473 ad
492 2416 647 2487 cognatos
683 2416 830 2475 veterum
871 2430 996 2475 errores
1029 2414 1225 2474 indicandos.
1260 2415 1346 2475 Nam
1380 2413 1410 2474 id

142 2515 271 2588 quidem
304 2516 429 2576 certum
459 2517 519 2590 est,
552 2516 671 2575 διανοιιι
699 2517 845 2578 vocalem
877 2521 905 2591 ἅ,
937 2531 1037 2590 quem
1066 2516 1232 2576 continent
1255 2513 1410 2575 vocabula

143 2615 280 2694 Ἀριάδνη
311 2618 344 2676 et
373 2615 569 2691 πεντακόσιοι,
602 2619 764 2678 elemento
795 2641 814 2695 η
845 2633 909 2678 non
940 2618 1084 2691 potuisse
1116 2618 1186 2677 sine
1209 2616 1289 2676 vitio
1312 2616 1410 2677 reddi.

144 2717 311 2778 Consimili
342 2733 447 2780 errore
481 2715 607 2795 ἑήνδανε
637 2735 694 2794 pro
726 2717 852 2778 ἑάνδανε
883 2720 1015 2794 praebet
1038 2720 1151 2779 textus
1173 2717 1330 2792 traditus;
1357 2717 1410 2777 vix

143 2820 252 2880 minus
283 2821 394 2881 autem
425 2820 551 2896 vitiose,
583 2822 620 2881 ut
650 2822 689 2881 de
721 2821 850 2882 eoristis
882 2821 1049 2894 liquidatis
1080 2822 1258 2895 taceamus,
1284 2821 1412 2879 veteres

143 2921 300 2981 dederunt
328 2919 546 2999 ιετραφάληρος
577 2924 611 2982 et
640 2919 832 3000 ὑψιπέτηλος,
860 2938 944 2996 quae
968 2938 1009 2982 ex
1032 2925 1261 3000 repoenitens
1286 2924 1413 2998 -1αρρος,

143 3019 336 3097 ὑψιπειάλιος
355 3026 454 3100 -αλρος
473 3026 551 3083 nata
570 3027 647 3084 sunt
665 3027 697 3085 ct
708 3023 926 3103 ιετραφάλᾶρος
940 3020 1121 3094 ὑψιπέτᾱλος
1134 3024 1233 3096 igitur
1244 3022 1412 3083 scribenda

144 3126 245 3201 erant,
276 3126 550 3198 quemadmodum
581 3127 667 3186 recte
698 3126 854 3186 traditum
878 3126 1063 3199 accepimus
1086 3125 1148 3185 adi.
1172 3120 1259 3193 ἕᾱνός
1281 3124 1411 3197 dedite,

144 3227 164 3287 i.
188 3242 216 3288 e.
238 3227 361 3298 ,Ρεάνιος
383 3226 522 3304 fenum
546 3227 585 3288 cf.
610 3228 709 3287 etiam
730 3218 822 3286 ἱκάνω
847 3219 958 3303 φθάνω
982 3218 1092 3305 κιχάνω
1119 3229 1149 3297 ¹).
1176 3226 1282 3287 Simili
1306 3242 1412 3288 errore

144 3324 262 3405 βαθέην
280 3328 314 3388 in
334 3329 421 3388 codd.
446 3328 597 3389 scribitur
615 3331 723 3390 11766
744 3331 776 3389 et
796 3325 883 3405 ἀέλλη
905 3331 939 3386 Π
948 3330 1030 3402 374;
1048 3328 1219 3401 legendum
1233 3329 1284 3387 est
1295 3325 1413 3407 βαδέᾶν

144 3430 219 3501 (vid.
243 3430 261 3499 s
286 3430 326 3490 75
350 3432 416 3490 not.
438 3432 469 3498 5)
492 3433 526 3490 et
547 3426 643 3489 άελιᾶ.
674 3430 740 3491 Νοο
770 3446 834 3491 non
862 3431 941 3490 vitio
965 3432 1094 3490 creatus
1117 3431 1168 3490 est
1190 3429 1413 3490 nominativus

144 3527 347 3610 ὀβριμοπάτρη
384 3535 412 3590 Ε
445 3535 506 3593 747
545 3533 627 3605 (ΞΘ
651 3536 712 3594 391
740 3558 758 3590 ιι
790 3536 873 3607 101),
898 3549 954 3608 pro
978 3549 1041 3607 quo
1065 3527 1268 3610 ὄβριμόιιαιρα
1292 3531 1413 3605 optimo

144 3634 213 3693 iure
246 3633 412 3710 rescripsit
444 3634 666 3709 IMHoogvliet
689 3631 721 3710 ²),
759 3636 928 3696 videantur
959 3635 1058 3695 etiam
1090 3648 1172 3707 quae
1207 3633 1245 3693 de
1281 3632 1413 3693 vocibus

145 3734 251 3809 qualis
284 3737 335 3796 est
369 3733 496 3813 ἀληθεΐη
526 3737 560 3795 in
592 3737 610 3807 3
639 3738 680 3796 54
711 3737 968 3797 observavimus.
1002 3734 1134 3795 Mirifice
1164 3749 1291 3808 quoque
1318 3733 1413 3795 lectio

145 3834 177 3895 ἓν
207 3835 297 3917 καρὸς
329 3836 399 3922 αἴση
431 3839 533 3898 1378
566 3839 597 3898 in
629 3840 688 3899 hoc
712 3841 865 3900 contextu
890 3839 1018 3898 videtur
1041 3836 1336 3910 commemoranda,
1360 3834 1414 3895 ubi

147 3936 250 4016 ’κηρὸς
274 3936 306 3998 ἐν
329 3937 399 4022 αἴση
423 3940 620 4001 coniecimus
643 3941 840 4001 assentiente
864 3939 1007 4000 Nauckio
1031 3938 1102 3998 Mel.
1121 3938 1173 3999 Gr.
1187 3936 1224 3997 R.
1240 3936 1323 4010 le.
1340 3937 1413 4012 163,

179 4241 200 4306 ¹)
217 4246 313 4292 Eadem
339 4247 436 4294 ratione
460 4248 595 4293 enomine
619 4252 705 4309 κιφᾶλη
722 4249 865 4295 formentur
882 4248 1024 4308 composita
1042 4249 1067 4294 in
1086 4248 1194 4309 -αέφᾰλος
1210 4243 1238 4310 (i.
1257 4260 1278 4292 e.
1297 4251 1415 4307 -ιιιφαλιος

145 4320 274 4389 escabod
291 4324 434 4372 desinentia
451 4326 555 4373 Hesiod.
572 4326 667 4385 Theog.
687 4329 743 4384 181,
762 4329 810 4374 311
829 4330 855 4375 et
872 4328 941 4387 apud
959 4330 1088 4387 posteros3
1103 4325 1153 4372 vid.
1169 4326 1255 4373 Reeeh
1269 4325 1302 4372 ad
1317 4325 1414 4384 Theop.

146 4405 192 4451 287
217 4407 243 4451 et
269 4406 302 4452 cf.
325 4406 392 4452 inira
415 4406 429 4464 ἕ
447 4407 487 4452 38.
505 4406 589 4452 Etiam
608 4409 756 4466 αὐτοχόωνον
774 4407 1002 4466 ¹11826,quodiu
1022 4409 1168 4468 αδιοχόᾱιαν
1186 4405 1339 4453 mutandum
1356 4416 1413 4452 ease

145 4483 210 4531 vidit
226 4485 416 4547 Wackernagel,
433 4486 465 4533 ab
483 4488 640 4547 αὐτοχδαηον
657 4487 828 4546 repetiverim.

179 4559 198 4623 ²)
216 4565 420 4614 Grammatisehe
437 4565 572 4612 readselen
591 4566 654 4614 1838
672 4579 697 4626 p.
716 4566 756 4612 40.
