3120 5124
742 397 807 456 234

390 713 427 773 V.
456 712 573 772 Tertioc
596 711 807 772 declinationis
829 709 977 770 vocabulo
1000 707 1160 768 anonim

182 906 204 990 8
229 909 278 975 77.
302 913 466 974 vocabula
489 909 505 973 ὅ
528 912 627 993 ἱδρώς,
650 909 666 973 ὁ
689 913 775 991 χρώς,
796 907 816 989 ἡ
840 910 942 988 αἰδώς,
961 905 981 987 ἡ
1005 905 1065 987 ἠώς
1089 910 1122 969 et
1145 905 1309 968 feminina
1330 903 1367 964 in
1386 899 1424 962 -ὥ

139 1014 282 1083 (nomina
304 1015 432 1090 propria
455 1017 532 1075 suni
555 1017 686 1076 tantum
709 1031 773 1076 non
797 1013 917 1082 omnis)
941 1012 988 1072 ita
1010 1010 1203 1072 flectuntur:

386 1116 476 1195 ἱδρώς
621 1115 708 1194 ἱδρόο
876 1147 919 1156 -
1084 1109 1170 1190 ῖδρόι.

385 1216 460 1296 χρώς
623 1217 696 1297 χρόα
857 1214 945 1296 χροός
1084 1212 1156 1291 χροΐ.

386 1317 478 1391 αἰδώς
625 1319 715 1379 αἰδόα
858 1316 960 1388 αἰδόος
1083 1311 1173 1373 orificio.

386 1417 447 1498 ἠώς
628 1417 685 1498 ἠόα
859 1416 931 1496 ἧόος
1083 1412 1141 1493 ἠόι.

387 1520 478 1598 Λητώ
501 1517 521 1591 ¹)
631 1520 736 1599 Λητόα
862 1519 981 1598 Λητόος
1086 1514 1191 1594 Antii.

184 1622 339 1683 vocabuli
370 1622 445 1700 χρώς
472 1624 604 1698 insuper
631 1625 834 1698 reperiuntur
858 1622 1066 1683 accusativus
1088 1626 1184 1698 χρῶτα
1208 1632 1226 1674 e
1253 1613 1331 1688 172,
1360 1609 1423 1671 178

140 1725 217 1784 Hes
254 1724 346 1799 Oper.
379 1727 443 1786 556
475 1729 509 1786 ei
537 1727 701 1799 genitivus
732 1724 840 1803 χρωτός
871 1727 900 1783 Κ
931 1726 1006 1799 575,
1037 1737 1120 1796 quae
1150 1719 1277 1780 formae
1305 1715 1424 1789 postea

140 1825 228 1885 solae
262 1826 479 1902 invaluerunt,
512 1828 747 1902 comparandae
777 1828 889 1887 sutem
923 1828 1000 1885 sunt
1034 1839 1110 1884 cum
1146 1819 1281 1882 vocibus
1318 1813 1425 1876 simili

142 1927 266 1988 ratione
290 1927 439 1988 formatis
462 1927 571 2006 ἱδρῶτα
594 1930 682 2000 (Hes.
708 1929 799 2003 Oper.
825 1929 900 1999 289)
924 1930 985 1989 etc.
1012 1930 1045 1989 et
1067 1933 1132 2002 φῶς
1155 1919 1255 1999 φωτός
1279 1921 1346 1980 θῦθ·

188 2131 293 2204 Epicis
327 2134 506 2194 accusativi
536 2134 672 2208 genitivi
702 2134 804 2194 dativi
833 2133 948 2193 formis
978 2133 1012 2192 in
1042 2128 1095 2190 -όο
1117 2126 1182 2198 -όος
1205 2121 1250 2184 o'i
1272 2119 1425 2182 desinen-

145 2233 232 2293 tibus
255 2235 452 2295 subst'iutee
475 2236 609 2296 suntin
632 2237 797 2310 mscriptis
816 2235 939 2295 formae
966 2232 1150 2294 contractae
1171 2226 1290 2302 quibus
1314 2235 1425 2283 recen·

146 2335 209 2396 tior
238 2338 330 2397 aetas
363 2338 530 2412 utebatur;
563 2338 658 2398 scribi
690 2339 789 2413 igitur
820 2338 903 2399 solet
926 2336 1010 2414 iope,
1032 2334 1115 2415 ἱδρῷ,
1137 2327 1192 2408 ἠῶ,
1214 2324 1300 2406 ἠοῦς,
1324 2324 1433 2400 Λητοῖ

146 2439 206 2498 etc.
243 2438 357 2513 Qualia
390 2440 475 2500 haud
511 2441 622 2514 paucis
653 2440 732 2500 locis
763 2442 868 2501 metro
898 2439 1088 2513 arguuntur,
1120 2450 1148 2495 e.
1168 2447 1199 2507 g.
1231 2426 1267 2488 τά
1297 2418 1319 2484 τ’
1347 2420 1427 2482 αἰδῶ

146 2537 365 2616 ἀμφικαλύπτει
396 2543 420 2599 Β
445 2543 519 2618 262,
551 2544 653 2603 immo
683 2540 782 2615 αἰδόα,
812 2543 875 2603 vid.
907 2542 925 2611 5
951 2541 1009 2613 14;
1041 2535 1086 2616 ἠῶ
1109 2530 1137 2595 δ’
1164 2523 1234 2593 αὖτε
1266 2529 1301 2590 in
1325 2527 1427 2587 hexa-

150 2641 245 2701 metri
280 2641 343 2702 nne
377 2656 402 2716 ψ
427 2645 501 2718 243,
533 2644 613 2704 rtem
644 2641 688 2721 ee
719 2643 788 2703 erae
821 2644 926 2703 1240
957 2645 1030 2717 etc„
1062 2639 1123 2712 reg.
1156 2632 1224 2713 ἠόα,
1250 2631 1316 2693 vid.
1342 2629 1361 2699 8
1385 2627 1426 2701 2;

148 2743 182 2802 in
214 2743 326 2804 eadem
358 2761 513 2805 versuum
545 2747 621 2807 sede
652 2745 725 2824 ἱδρῶ
748 2744 859 2806 πολλόν
882 2747 910 2803 1(
934 2746 1009 2820 574,
1034 2746 1156 2818 Λητοῦς
1179 2733 1245 2807 οἰός
1267 2735 1301 2794 h.
1327 2730 1425 2791 Mero.

151 2845 213 2903 321
250 2844 327 2905 Hes.
360 2846 446 2906 Seni.
481 2848 556 2922 202,
588 2841 628 2906 ἐτ’
663 2844 707 2924 ἠῶ
738 2851 838 2906 κοῖτον
869 2847 947 2906 Hes.
978 2845 1070 2920 Oper.
1099 2841 1174 2902 574.
1198 2837 1288 2898 Haec
1312 2831 1427 2894 omnis

149 2945 238 3005 nullo
271 2947 399 3019 negotio
432 2952 569 3022 possunt
603 2949 728 3024 corrigi,
760 2964 819 3009 nec
849 2948 912 3007 nisi
942 2943 1131 3021 paucissimi
1162 2940 1218 3015 qui
1241 2935 1427 3010 sequuntur

150 3037 211 3107 loci
235 3051 432 3121 repugnant:
692 3085 698 3098 ·

194 3151 329 3212 Accus.:
361 3153 497 3228 Καλυψώ
525 3168 550 3228 ψ
574 3156 649 3229 333,
673 3152 766 3229 Πηρώ
788 3156 804 3211 i
828 3151 903 3226 287,
930 3147 1016 3226 Τυρώ
1040 3150 1056 3205 λ
1081 3147 1155 3206 235.
1179 3142 1270 3204 Adde
1293 3150 1423 3200 accusa·

151 3253 258 3313 tivum
288 3262 390 3330 κυκηῶ
423 3261 453 3313 Λ
477 3257 551 3332 624,
577 3257 651 3332 641,
676 3262 772 3313 κυκεῶ
791 3275 809 3312 κ
833 3253 907 3327 290,
933 3252 1007 3325 316,
1032 3264 1052 3309 a
1074 3244 1278 3308 nominativo
1301 3237 1423 3318 κυκηῶν

153 3353 227 3431 (me.
252 3363 370 3432 κυκειῶ,
392 3357 539 3428 nonnius).

197 3456 319 3517 Genii:
351 3455 457 3530 αἰδοῦς
487 3482 505 3518 υ
533 3461 605 3534 171,
638 3455 711 3535 ἠοῦς
745 3458 869 3532 8470,
902 3455 965 3515 525
995 3451 1013 3511 δ
1039 3450 1100 3512 188
1125 3448 1202 3510 Hes.
1227 3445 1323 3521 Oper.
1350 3441 1417 3517 724,

154 3559 229 3632 821,
253 3561 375 3635 Λητοῦς
399 3563 428 3619 Α
449 3563 469 3620 9
494 3557 522 3624 Ξ
541 3562 615 3620 327.

197 3660 288 3721 Dan:
320 3659 393 3744 ἱδρῷ
418 3664 443 3719 Ρ
464 3663 537 3739 745,
563 3665 664 3737 Λητοῖ
690 3661 722 3719 Ω
746 3662 820 3736 607,
845 3660 955 3717 Πυθοῖ
975 3658 993 3715 Ι
1014 3655 1078 3714 405
1101 3656 1126 3711 0
1148 3651 1209 3726 80;
1235 3649 1299 3710 vid.
1326 3647 1415 3709 etiam

154 3762 344 3833 1.ο.ζ22.

198 3865 247 3925 Ex
270 3865 411 3926 Hesiodo
434 3866 592 3926 accedunt
613 3865 688 3926 αἰδῶ
713 3865 804 3940 Oper.
830 3864 904 3939 324,
930 3864 1049 3938 Κητοῦς
1072 3858 1190 3931 Theog.
1215 3855 1292 3915 886.

197 4069 286 4128 Inter
320 4068 461 4146 nomina,
497 4083 579 4142 quae
614 4070 648 4129 in
681 4067 719 4128 -ώ
751 4068 912 4142 desinunt,
953 4065 1067 4126 notatu
1099 4061 1233 4136 dignum
1265 4059 1318 4119 est
1348 4075 1470 4147 ppr-

156 4177 228 4242 (me.
260 4170 367 4250 χρειώ),
398 4171 461 4232 vid.
493 4173 511 4240 8
545 4172 625 4246 190;
657 4187 714 4246 pro
746 4186 808 4244 quo
838 4167 912 4270 10⁶3}
944 4182 1007 4228 non
1038 4165 1125 4226 recte
1155 4161 1275 4236 legitur
1308 4162 1340 4218 A
1362 4155 1470 4226 4Q

157 4284 242 4359 arne,
268 4284 307 4343 cf.
331 4285 349 4352 s
372 4283 402 4343 s.

193 4582 213 4641 Ι)
230 4586 366 4632 Vocativus
382 4590 457 4646 Λητοῖ
472 4587 543 4632 exist
559 4588 587 4631 Φ
604 4585 660 4631 498.
