3120 5124
139 441 153 510 5
172 438 229 508 128]
714 441 779 500 325

139 624 183 700 dli«)
198 622 248 683 6858
268 622 406 681 oblatum
428 624 549 697 accepit.
573 625 658 684 Item
682 620 848 701 ὁμοκλήσας
870 622 1005 704 προσέφη
1029 627 1080 687 vel
1098 623 1263 705 ὁμοκλήσας
1282 627 1375 701 έέπος

143 720 198 801 pide
225 723 286 783 alta
319 738 387 782 voce
420 724 564 783 σλονηανίλ
596 727 620 783 Ε
644 727 708 785 439
742 729 766 784 Ζ
791 728 833 787 54
864 730 935 804 eie,
967 725 1038 787 ὅσον
1068 720 1091 786 τ’
1111 726 1233 809 έγέγωνε
1263 730 1375 808 βοήσας

143 840 263 900 cucumae
285 825 451 885 ολιαιοκιλο
473 827 543 900 quis
565 841 665 886 vocem
687 828 893 888 irunemdierc
909 833 1006 903 potet
1028 850 1042 888 ε
1065 830 1130 889 400
1153 833 1214 891 etc.

174 927 297 987 ilexioni
317 927 567 1002 periphrasticae
586 928 619 988 iu
638 928 776 990 dictione
795 931 885 1003 epica
904 930 1012 992 solum
1028 932 1230 1006 participium
1243 932 1376 1006 perfecti

146 1029 233 1104 passivi
256 1029 443 1090 inserviisse
465 1030 659 1090 observavit
688 1031 788 1091 Lehrs
820 1030 932 1092 Arist.²
965 1048 995 1107 p.
1020 1034 1083 1094 367
1108 1049 1195 1108 sqq.;
1219 1036 1376 1108 reperitur

147 1131 226 1189 uuiem
245 1129 303 1190 hoc
326 1145 428 1203 genus
451 1131 599 1205 loquendi
623 1131 702 1192 locis
725 1134 953 1206 sequentibus:

286 1228 462 1308 κεκλημένος
485 1231 549 1309 εἴην
572 1234 597 1290 Β
621 1233 695 1308 260,
720 1232 781 1310 εἴης
805 1235 835 1293 h.
860 1233 938 1294 Ven.
967 1235 1040 1310 243,
1065 1234 1110 1312 εἴη
1134 1236 1151 1306 ζ
1173 1237 1246 1297 244.

286 1328 483 1408 τετελεσμένος
506 1354 556 1392 -ον
581 1335 603 1403 1)
626 1330 695 1410 έσιλ,
717 1325 781 1411 ήεν,
802 1333 858 1411 εἴη,
881 1332 959 1394 έσται
983 1339 1012 1394 Α
1037 1337 1111 1407 212,
1133 1337 1197 1396 388
1222 1340 1283 1398 eie.

286 1430 474 1513 πεφυγμένος
495 1424 549 1512 ήεν
568 1457 587 1492 α
609 1435 659 1511 18,
680 1432 870 1515 πεφυγμένον
889 1433 950 1495 έστί
968 1439 998 1497 h.
1020 1437 1165 1515 1761134,
1183 1436 1375 1520 πεφυγμένον

330 1533 452 1613 ἔμμεναι
476 1537 499 1593 Ζ
523 1536 586 1596 488
611 1558 622 1594 ι
645 1537 719 1613 455,
743 1534 1145 1618 πεφυγμένον...γενε’σθαι
1169 1544 1201 1600 Χ
1223 1543 1296 1603 219.

287 1633 471 1715 ἂκαχημένος
493 1635 539 1714 εἴη
563 1639 592 1695 Ε
616 1638 668 1698 24.
762 1709 768 1720 ,

285 1735 460 1815 λελασμένος
482 1736 547 1797 έσσέ
567 1741 601 1797 Π
622 1740 697 1814 538,
720 1736 894 1816 λελασμένος
918 1739 1002 1799 ἔπλεο
1027 1743 1066 1799 Ψ
1086 1744 1138 1803 69.

286 1837 511 1920 πεφυλαγμένος
534 1833 610 1900 εἶναι
638 1844 672 1900 Ψ
692 1844 766 1902 343.

284 1938 488 2021 κεκρυμμένον
510 1934 586 2001 εἶναι
609 1946 625 2000 λ
648 1943 725 2004 443.

285 2040 473 2123 έεέοημένος
497 2041 568 2103 ἔστω
595 2044 620 2103 Θ
643 2046 717 2105 524.

287 2141 466 2224 μεμιγμένον
489 2141 550 2204 έστλ
570 2149 594 2204 θ
620 2147 692 2206 196.

285 2242 480 2326 πεπρωμένον
503 2243 564 2306 έσιί
585 2249 615 2305 Γ
634 2248 708 2307 309.

285 2345 476 2425 τεθυωμένον
499 2338 552 2425 ήεν
576 2345 605 2413 Ξ
626 2350 699 2409 172.

176 2445 324 2525 Pouerpio
357 2450 458 2511 futuri
491 2451 649 2510 indicatur
684 2449 854 2510 consilium
890 2466 951 2522 quo
983 2452 1055 2525 quis
1085 2451 1272 2525 impelliiur,
1306 2451 1375 2512 sive

146 2538 195 2608 inis
217 2567 308 2625 quem
339 2552 411 2612 vuli
440 2552 587 2624 assequi:
618 2552 807 2612 antecedere
838 2551 922 2612 solet
953 2554 1086 2613 verbum
1118 2553 1268 2630 mouendi,
1292 2554 1375 2625 quod

145 2645 208 2711 aben
227 2656 334 2714 tamen
360 2654 388 2711 Ε
411 2653 453 2714 46
476 2656 519 2722 (=
544 2654 578 2710 Π
598 2655 673 2722 343)
697 2656 726 2710 Σ
748 2653 812 2712 309
842 2655 876 2710 Ψ
897 2654 959 2713 379
983 2657 998 2712 1
1022 2655 1096 2714 608.
1122 2655 1187 2714 Soli
1210 2655 1375 2729 participio

143 2739 251 2829 ἐσσόμενα
263 2759 292 2813 A
312 2756 365 2831 70,
384 2751 536 2831 ἐσσόμενον
556 2756 656 2814 6119
670 2757 730 2815 etc.
746 2755 849 2829 [αλ-τινι·
868 2756 1022 2828 temporis
1043 2756 1130 2816 notio
1143 2756 1374 2829 inestintdgra.

169 2945 266 3030 3128.
289 2956 496 3016 Adiectivum
519 2956 648 3016 verbale
671 2955 754 3028 quod
778 2956 838 3016 dici
860 2954 953 3032 solet,
975 2955 1007 3014 in
1027 2954 1090 3026 -τός
1110 2956 1270 3033 συείοοοε,
1292 2960 1375 3032 apud

140 3045 287 3118 Honorum
317 3057 475 3132 participii
507 3072 650 3131 munere,
682 3058 764 3129 quod
797 3057 948 3129 primitus
974 3056 1003 3116 ei
1027 3058 1191 3130 proprium
1214 3059 1285 3133 fuit,
1309 3075 1375 3134 per·

139 3155 224 3218 uuus
245 3159 325 3219 locis
348 3159 501 3235 fungitur,
525 3158 651 3218 nullum
676 3159 763 3218 enirn
786 3159 871 3217 inter
889 3155 1011 3234 ποιητός
1030 3159 1063 3217 et
1079 3158 1181 3232 facire
1200 3162 1251 3219 est
1270 3160 1375 3220 discri·

141 3264 202 3334 nen,
227 3261 296 3321 sive
328 3261 395 3319 vim
423 3261 493 3320 eive
516 3259 804 3320 conformationem
828 3259 995 3331 utriusque
1019 3259 1107 3319 vocis
1132 3262 1269 3337 spectes,
1293 3278 1320 3322 e.
1345 3277 1375 3336 g.

138 3356 362 3442 καλήν,..ρινοῦ
403 3350 530 3438 ποιητήν
572 3363 600 3419 Κ
647 3362 708 3421 261
746 3375 804 3435 sq„
840 3361 920 3420 item
955 3360 1069 3436 νυκτός,
1100 3361 1214 3438 κλυτός,
1246 3362 1379 3440 πινυτός,

139 3450 238 3536 ἅπαντας
260 3464 388 3537 aliaque
413 3462 527 3522 multa.

170 3561 224 3625 Non
255 3568 368 3627 tamen
395 3565 520 3640 peeeiuo
551 3564 720 3639 praecipue
751 3563 915 3637 proprium
945 3566 996 3623 est
1027 3563 1182 3623 suffixum
1215 3563 1287 3641 -τός,
1319 3567 1375 3626 sed

142 3653 253 3738 ἔιλνυιος
286 3682 313 3728 ο.
345 3682 376 3741 g.
408 3665 426 3724 δ
457 3666 521 3724 494
552 3665 668 3724 dicitur
698 3664 752 3738 qui
783 3680 846 3723 noa
873 3664 934 3741 (let,
967 3667 998 3722 X
1027 3666 1091 3726 386
1123 3660 1198 3725 aiibi
1229 3667 1284 3739 qui
1313 3684 1375 3726 κου

143 3759 245 3844 daiam,
276 3765 406 3839 ἄπυστος
436 3766 455 3825 d
486 3768 550 3828 675
581 3786 594 3824 ε
628 3767 688 3825 127
721 3767 772 3825 esi
797 3767 940 3842 ι’μκοναε,
964 3789 983 3824 α
1008 3768 1070 3826 242
1094 3767 1234 3840 dyracium·
1255 3765 1376 3840 ἄπιστος

145 3858 224 3929 ileo
251 3883 275 3943 ψ
307 3871 347 3929 72
380 3869 431 3928 est
460 3869 515 3942 qur·
541 3869 634 3943 fidam
664 3868 801 3942 dcuepat,
832 3865 995 3938 ἄπνευστος
1026 3888 1039 3926 ε
1067 3870 1130 3928 456
1154 3869 1375 3943 perspecere

146 3960 223 4029 ᾶνοαε
242 3971 352 4047 mquid,
379 3972 439 4031 etc.

176 4064 390 4145 Nonnunquam
426 4071 603 4145 euphoniae
639 4084 739 4129 causa
773 4069 895 4129 inserta
931 4071 981 4129 est
1016 4071 1136 4130 vocalis
1167 4090 1195 4141 ⁶3
1228 4072 1375 4133 videatur

149 4154 285 4245 4νέελκετος
314 4189 335 4234 a
365 4174 472 4233 radice
504 4171 576 4246 δεικ,
609 4174 642 4231 et
671 4186 753 4245 quae
784 4173 816 4231 in
849 4172 1055 4232 substantiva
1082 4172 1229 4232 abierunt
1250 4172 1375 4245 κάπετος

151 4266 325 4353 1λοιιολχετός
349 4290 369 4335 a
391 4275 553 4335 radicibus
576 4278 677 4345 (σμαπ
697 4274 831 4351 ο1(7)εχ.
859 4273 1043 4346 Comparari
1063 4275 1169 4347 potest
1190 4276 1374 4335 terminatio

155 4451 305 4477 &-

178 4581 192 4650 ιλ
203 4596 241 4642 Η
255 4598 398 4658 τετελεσμένα
417 4595 462 4659 der,
479 4599 529 4658 leg.
547 4617 590 4645 -ον,
