3120 5124
754 358 816 417 182
1322 355 1351 426 [ὅ

144 556 199 602 oos
233 542 379 602 servarit
411 544 620 618 potestatem,
660 545 760 617 utque
801 543 925 604 vocalis
958 559 981 602 u
1010 543 1121 616 posset
1150 541 1254 602 oculis
1283 544 1374 602 oster:

142 657 263 703 novum
286 642 417 716 signum
445 646 473 701 Y
491 646 548 704 aut
568 645 601 704 in
625 644 697 719 ipsa
720 644 855 705 Graecia
874 645 1045 706 inventum
1066 645 1124 704 aut
1144 642 1274 703 aliunde
1292 643 1374 704 desu

143 746 216 803 tum
247 745 314 819 est3
347 746 417 804 tam
449 746 583 819 antiqua
615 749 726 806 autern
754 747 789 806 in
812 746 946 807 Graecia
970 747 1021 806 est
1044 745 1154 805 littera
1182 746 1210 802 T
1228 759 1326 818 quam
1349 745 1374 820 ἱ]

144 859 198 905 ara
222 845 391 906 scribendi.

189 946 305 1021 Verba,
334 961 471 1020 quorum
502 948 595 1007 radix
625 964 645 1009 a
675 963 816 1010 consona
839 969 872 1024 J·
895 948 1054 1023 incepisse
1078 946 1251 1021 aliquando
1277 948 1374 1009 crede

147 1049 209 1123 tur,
234 1046 329 1109 aliter
350 1063 436 1109 nunc
459 1049 671 1123 explicantur.
696 1051 721 1110 Ε
745 1050 862 1124 quibus
882 1063 964 1123 quae
986 1050 1026 1110 ad
1046 1048 1256 1109 Homericam
1277 1048 1374 1123 lingu:

146 1149 319 1226 pertinent,
344 1150 424 1211 haec
449 1154 544 1212 sunt:

191 1243 271 1326 ἵεμαι
295 1248 325 1328 (5
349 1249 425 1329 201)
449 1267 513 1313 non
531 1252 659 1330 Ji-Jepar
683 1254 740 1314 sed
759 1252 863 1331 Ηεμαι
882 1253 1088 1314 scribendum
1106 1267 1212 1326 neque
1233 1267 1308 1313 cum
1326 1266 1374 1311 ve:

148 1348 213 1429 ἴημι
237 1347 378 1430 (strepa)
402 1354 664 1415 confundendum
688 1356 748 1415 est.

194 1452 233 1525 ὥς
258 1451 288 1531 (5
314 1453 388 1532 101)
413 1456 491 1517 olim
514 1454 578 1528 scir
599 1456 710 1533 luisse,
732 1457 764 1517 id
784 1457 869 1531 quod
888 1457 1025 1530 Bentley
1044 1456 1122 1517 olim
1143 1457 1262 1518 statuit
1281 1456 1374 1516 metr.⁴

149 1555 328 1615 rationibus
362 1558 489 1634 ductus,
524 1574 610 1618 nuno
643 1559 773 1633 propter
807 1558 976 1618 Locricum
1010 1555 1078 1618 fo'u
1114 1557 1192 1618 (loll.
1229 1549 1328 1617 1479⁸
1357 1570 1374 1613 r

151 1655 359 1719 simillimum
390 1661 458 1733 est;
492 1654 700 1720 conferuntur
725 1659 796 1721 Got.
820 1661 874 1720 eut
897 1661 930 1719 et
953 1659 1056 1721 Latin.
1080 1659 1271 1720 sucd=aic
1296 1656 1374 1718 Colla

151 1760 264 1819 tamen
297 1760 402 1820 verbis
433 1763 546 1822 rustici
577 1762 777 1835 Megarensis
808 1762 892 1836 apud
923 1761 1088 1835 Aristoph.
1119 1760 1260 1822 Acharn.
1285 1758 1347 1819 762

152 1856 295 1941 ἀρωραῖοι
324 1861 396 1938 μύες
428 1880 482 1923 ceu
512 1880 619 1924 mures
650 1867 784 1938 aprcstec
814 1864 899 1924 haud
931 1864 1039 1937 inepte
1070 1861 1244 1923 coniecerit
1267 1858 1374 1934 quispi

154 1961 261 2037 opicae
285 1963 413 2038 linguae
437 1965 675 2026 restituendum
699 1980 772 2026 esse
794 1964 867 2039 τώς;
888 1980 930 2025 an
951 1965 1034 2038 apud
1057 1964 1312 2038 Aristophanem
1334 1961 1374 2021 lit

153 2064 276 2125 riorum
299 2065 393 2139 culpa
415 2066 609 2140 particulam
632 2065 695 2137 felc
719 2068 902 2140 corruptam
927 2080 1000 2126 esse
1022 2065 1057 2125 in
1079 2063 1135 2136 τώς
1159 2063 1362 2124 statuimus?

199 2161 271 2244 ἕηκα
295 2166 325 2241 (5
351 2168 412 2228 131
438 2169 471 2227 et
497 2166 572 2243 196)
596 2169 811 2241 augmentum
835 2182 931 2227 suum
952 2166 1147 2240 syllabicum
1167 2166 1263 2226 debet
1282 2165 1374 2240 spira

155 2267 239 2327 unde
273 2267 352 2328 olim
386 2268 466 2329 haec
500 2269 593 2328 radix
624 2269 825 2343 ordiebatur;
858 2268 916 2328 sed
947 2269 1053 2342 ipsam
1076 2267 1169 2327 illam
1193 2266 1374 2341 spirantem

155 2367 265 2442 lingua
295 2369 468 2430 Homerica
499 2370 622 2431 vixisse
644 2371 719 2430 inde
744 2386 808 2430 non
832 2370 938 2443 magis
960 2370 1068 2443 potest
1091 2368 1308 2429 demonstrari
1331 2381 1374 2441 qu

155 2486 197 2531 ex
219 2471 403 2532 Atticorum
423 2473 606 2546 praeteritis
629 2469 723 2532 ἑάλων
747 2474 781 2533 et
802 2469 922 2532 ἐώθουν
946 2471 1107 2545 colligitur
1127 2470 1261 2531 Periclis
1278 2480 1374 2542 aequa

156 2573 277 2633 dixisse
306 2574 444 2632 falsvm
479 2576 512 2634 et
545 2575 671 2634 laurio.
702 2575 817 2648 Itaque
848 2578 876 2632 Δ
908 2575 947 2634 75
977 2574 1087 2633 hiatus
1118 2571 1268 2633 lectionis
1290 2568 1374 2630 tradi

155 2671 262 2754 ἀστέρα
291 2666 344 2753 ἧκε
374 2692 440 2737 non
466 2677 514 2738 ita
538 2677 743 2738 excusandus
766 2679 817 2737 est
839 2679 876 2737 ut
898 2677 1077 2750 spirantem
1101 2674 1180 2734 olim
1205 2669 1374 2734 intercessi

157 2778 353 2852 statuamus,
375 2779 431 2840 sed
450 2794 488 2839 ea
508 2781 632 2840 ratione
653 2794 751 2853 quam
772 2779 893 2838 dudum
913 2777 1068 2838 indicavit
1087 2776 1211 2835 Barnss
1231 2775 1283 2834 est
1296 2769 1374 2846 exp]

158 2881 236 2941 dus:
261 2880 420 2940 scribatur
443 2875 534 2960 ἀστέρ’
558 2877 636 2958 ἕηκε.
661 2881 731 2941 Non
756 2883 865 2941 autem
886 2896 934 2955 pe
958 2878 1014 2938 sed
1033 2894 1078 2939 ae
1098 2877 1188 2936 verbi
1207 2873 1272 2952 ἴημι
1291 2873 1374 2935 radic

159 2996 231 3042 esse
255 2981 337 3040 satis
358 2981 426 3041 iam
450 2985 597 3043 constare
624 2984 761 3044 ridetur.
