3120 5124
1291 116 1435 189 [5109

276 302 324 378 ὡς
346 301 379 365 δέ
400 303 475 366 λέων
497 305 529 367 έν
552 303 641 386 βουσί
662 304 766 386 θορὼν
789 304 818 379 ἒξ
842 302 951 384 αὐχένα
972 304 1083 389 έάξη.
1134 307 1160 363 Ε
1184 307 1258 367 161.

272 401 324 485 ’βῆ
347 402 377 487 ῤ’
403 402 474 486 ἴμεά
501 406 540 479 ὥς
564 429 593 468 τε
617 405 690 468 λέων
714 403 913 487 ὀρεσίτροφος,
935 401 1018 479 ὅςί
1045 404 1185 484 ἐπιδευὴς
1205 402 1210 484 Ι
1230 403 1343 485 osopio
1362 402 1440 491 1⁴3

319 508 442 588 κρεάων.
489 511 530 568 Μ
550 511 625 570 299.

275 607 329 685 τὴν
350 609 406 690 γὰρ
430 607 537 687 άοιδιΙν
560 615 669 687 μᾶλλον
693 607 866 672 έπικλείουά
889 607 1056 690 ἅνθρωποι,
1075 603 1080 692 Ι
1100 608 1121 688 ίΙ
1139 632 1199 684 τις
1220 607 1440 672 ἀκονίντεσα

319 711 448 790 νεωτάτη
471 709 753 791 ἀμφιπέληται.
800 738 818 773 α
843 716 905 775 351
931 729 978 788 sq.

274 813 382 890 ίίδμεν
406 808 434 872 d’
461 811 556 873 ὅσσα
578 811 742 892 γένηται
766 812 814 874 art
836 812 925 894 χθονί
947 813 1152 898 πολυβοτείρῃ.
1199 836 1220 891 μ
1248 814 1319 874 191.

187 1017 294 1077 Etiam
325 1017 506 1078 Herodotus
537 1017 778 1078 subiunctivum
809 1017 879 1078 sine
905 1017 1064 1092 particula
1090 1013 1128 1075 ἄν
1151 1016 1333 1090 requenter
1357 1014 1440 1075 ibt

144 1120 321 1192 usurpavit.
358 1119 527 1193 Reperitur
557 1122 629 1194 post
659 1119 833 1179 relativum
865 1120 880 1179 Ι
908 1120 972 1179 216
995 1119 1027 1178 11
1050 1118 1092 1177 85
1115 1116 1161 1177 IV
1183 1119 1238 1194 46,
1262 1119 1314 1191 66,
1335 1128 1440 1189 ονε

142 1215 181 1290 ὡς
212 1220 227 1278 Ι
261 1222 322 1279 132
352 1220 397 1279 IV
430 1221 503 1296 172,
534 1223 608 1294 post
639 1217 703 1279 ἐπεί
723 1240 753 1280 τε
777 1220 852 1280 VIII
878 1221 930 1295 22,
954 1220 1027 1294 post
1049 1215 1115 1297 ἄχρι
1139 1209 1175 1278 οὗ
1199 1218 1215 1278 Ι
1241 1218 1314 1294 117,
1334 1216 1440 1291 poet

141 1317 222 1398 μέχρι
244 1321 289 1380 IV
315 1322 387 1396 119,
412 1323 485 1396 post
508 1318 537 1392 ές
562 1319 578 1380 ὅ
601 1322 649 1381 III
672 1323 711 1381 31
737 1321 813 1381 VIII
839 1321 912 1397 108,
936 1322 1009 1395 post
1037 1318 1073 1379 od
1096 1317 1241 1398 πρότερον
1265 1314 1285 1395 ἦ
1306 1318 1321 1377 I
1344 1315 1440 1377 199

141 1421 186 1480 IV
218 1423 280 1483 196
311 1423 358 1482 IX
389 1423 442 1498 86,
475 1424 528 1498 87,
553 1423 605 1498 93,
629 1424 702 1497 post
726 1420 762 1482 od
785 1418 937 1501 πρίνῆΙ
963 1421 1148 1498 197182,
1175 1415 1440 1481 1337Π197

142 1523 189 1582 IX
212 1524 284 1583 117.
307 1523 374 1583 Nec
396 1539 460 1585 non
479 1524 677 1597 tragicorum
697 1523 897 1596 aliorumque
916 1524 1086 1597 poetarum
1104 1522 1237 1584 dictioni
1247 1519 1437 1595 proprim

143 1626 194 1682 est
216 1624 276 1684 hoc
298 1639 402 1697 genus
425 1625 679 1685 enunciatorum.

187 1821 208 1902 3
233 1823 308 1889 109.
332 1829 361 1887 Α
385 1827 524 1903 simplici
548 1827 698 1887 narrandi
715 1842 841 1902 genere,
865 1842 928 1899 quo
947 1827 1066 1899 gaudet
1089 1841 1143 1887 ars
1167 1827 1268 1903 spica,
1288 1822 1440 1884 alienat

142 1929 220 1986 sunt
243 1929 423 1990 sententiae
443 1929 603 2002 longiores
627 1930 660 1988 et
679 1919 1058 2001 artificiose'perplexaffi
1079 1927 1275 1988 narrationis
1297 1926 1440 1985 auten

142 2028 296 2087 decursus
327 2029 382 2089 ubi
412 2029 475 2089 fert
505 2030 542 2088 ut
565 2029 663 2088 verba
686 2027 792 2088 aliena
820 2030 957 2102 apoeta
980 2029 1166 2104 afferantur,
1190 2029 1320 2088 tantum
1341 2025 1440 2084 not]

141 2131 327 2190 constanter
361 2129 531 2204 Olympius
566 2129 617 2190 vel
648 2129 795 2189 mortalis
825 2145 884 2189 suo
916 2130 1046 2190 nomine
1070 2129 1206 2202 loquens
1229 2126 1440 2188 inducitur¹

141 2246 294 2305 praesens
329 2232 431 2308 adest,
464 2232 626 2306 praesenti
654 2231 753 2304 igitur
781 2233 926 2305 tempore
950 2232 984 2290 et
1005 2231 1111 2305 prima
1134 2244 1274 2304 persona
1297 2227 1440 2288 utinfl

142 2331 248 2392 Facile
286 2333 361 2392 hinc
394 2333 594 2406 intellegitur
631 2332 785 2393 orationis
824 2332 972 2404 obliquae
1002 2331 1138 2404 exiguas
1171 2330 1345 2390 admodum
1387 2316 1440 2379 i]

143 2434 339 2493 carminibus
377 2435 476 2508 epicis
500 2449 572 2494 esse
595 2435 720 2508 partcs;
753 2433 917 2506 optativus
951 2435 1072 2508 autem,
1108 2432 1164 2504 qul
1197 2431 1370 2492 indicativo
1385 2428 1440 2483 ι]

143 2534 295 2593 orationis
325 2534 465 2595 directae
496 2535 603 2610 refert,
633 2533 762 2593 nonnisi
784 2532 895 2608 paucis
922 2533 1115 2606 quibusdam
1149 2531 1230 2593 locis
1260 2513 1440 2593 occurri1

143 2635 252 2707 quiin
276 2634 421 2709 Odyssea
443 2638 572 2696 tantum
595 2650 658 2696 non
682 2650 795 2697 omnes
822 2634 1040 2708 reperiuntur:

230 2758 250 2812 η
276 2738 315 2796 17
339 2733 389 2794 καί
412 2729 549 2815 ἐξερέοιθ’
575 2733 634 2808 ὅτις
657 2734 711 2813 εἴη.

230 2858 241 2894 ι
264 2836 306 2896 89
331 2860 363 2880 =
385 2859 404 2896 κ
428 2838 489 2897 101
513 2838 623 2915 προΐην
645 2835 816 2896 πεύθεσθαι
839 2834 937 2906 ἰόντας
958 2831 963 2913 Ι
984 2834 1110 2906 οἵτινες
1133 2831 1235 2913 ἀνέρες
1261 2826 1329 2894 είεν.

231 2961 242 2997 ι
266 2940 330 3000 333
354 2938 386 3011 ὅς
408 2962 451 3011 τις
474 2939 693 3017 τολμήσειεν...
714 2936 719 3017 Ι
739 2943 889 3017 τρῖψαι...
914 2935 960 2997 ὅτε
981 2935 1033 2996 τὸν
1056 2935 1167 3016 γλυκὺς
1186 2935 1283 3008 ὕπνος
1303 2934 1440 2995 atavo*

229 3062 248 3098 ιι
272 3041 336 3101 110
358 3036 431 3100 έκί
458 3038 574 3120 έρέοντο
594 3038 599 3120 Ι
620 3038 652 3112 ὅς
675 3062 718 3113 τις
744 3034 832 3100 τῶνδ’
865 3038 909 3117 εἴη
937 3036 1074 3116 βασιλεὺς
1093 3035 1144 3097 καί
1165 3041 1261 3098 τοῖσιν
1285 3034 1440 3097 ἀνάσσω

276 3142 403 3213 (ultima
421 3144 590 3216 corrupta).

230 3264 246 3301 τ
269 3245 333 3304 464
355 3239 512 3322 ἐξερέεινον
536 3241 662 3319 ἅπαντα,
681 3241 687 3320 Ι
707 3240 801 3319 οὐλὴν
825 3239 883 3302 ὅττι
905 3239 1009 3300 πάθοι.

231 3368 254 3404 ω
286 3347 349 3405 237
384 3339 618 3423 Ι’μερμιΙριξε...)
652 3339 797 3421 ίειπέμεά
836 3340 876 3415 ὡς
910 3340 994 3402 έλθοι
1028 3339 1079 3401 καί
1110 3335 1191 3402 ἵκοιτ’
1223 3337 1255 3414 ές
1285 3338 1407 3422 πατρίδα

275 3469 371 3526 γαιαν.

233 3550 261 3605 Ε
284 3547 326 3608 85
351 3546 497 3624 Τυδεΐδην
520 3542 557 3606 οὔ
579 3567 612 3606 κε
634 3546 737 3626 γνοίης
760 3545 906 3626 ποτέροισι
930 3544 1035 3622 μετείη.

231 3670 247 3708 ο
271 3650 334 3708 423
358 3647 461 3726 εἰρώτα
485 3645 523 3724 δὴ
548 3645 645 3707 ἔπειτα
669 3648 711 3719 τίς
734 3646 779 3725 εἴη
804 3645 853 3706 καί
875 3646 973 3706 πόθεν
996 3643 1088 3705 ἔλθοι.

231 3771 248 3826 ρ
272 3750 336 3810 363
360 3747 504 3826 ἀλλήλους
527 3743 547 3807 τ’
574 3748 686 3828 εἴροντο
711 3749 753 3820 τίς
777 3749 822 3826 εἴη
846 3746 895 3808 καί
919 3745 1016 3807 πόθεν
1039 3744 1132 3807 έλθοι.

188 3849 330 3923 Cognata
350 3853 426 3910 sunt
446 3851 631 3925 enunciata,
644 3850 677 3909 in
690 3851 806 3923 quibus
818 3850 983 3925 optativus
995 3850 1068 3924 post
1080 3850 1211 3923 tempus
1221 3848 1410 3912 historicum

142 3951 228 4010 idem
263 3951 350 4011 valet
380 3951 463 4025 quod
493 3952 717 4011 subiunctivus
747 3953 820 4026 post
851 3954 980 4025 tempus
1010 3950 1211 4025 primarium.
1237 3949 1414 4012 videantur

142 4053 282 4124 quaeda
305 4053 486 4113 enuntiatis
508 4068 528 4112 a
552 4053 743 4113 det-iberaadi
762 4054 859 4113 verbo
879 4052 1047 4127 suspensis
1065 4052 1099 4112 in
1121 4051 1139 4119 9
1159 4051 1223 4112 327
1245 4053 1416 4115 observata

142 4158 234 4229 sunt,
266 4155 347 4215 item
378 4158 452 4230 post
482 4154 646 4215 ductandi
678 4155 775 4214 verba
797 4154 955 4228 reperitur
978 4153 1144 4228 optativus
1166 4152 1185 4212 d
1209 4152 1275 4213 789
1299 4174 1316 4213 ο
1340 4154 1416 4220 304,

141 4258 214 4329 post
243 4255 366 4315 emendi
399 4254 462 4333 (μή)
497 4259 527 4313 Σ
556 4256 599 4316 34
630 4277 654 4331 φ
679 4255 743 4316 395
769 4258 841 4331 etc,
864 4258 938 4330 post
960 4254 1141 4329 Inquirendi
1164 4255 1193 4312 Γ
1212 4256 1277 4316 317
1303 4257 1328 4314 Ζ
1354 4255 1415 4319 177
