3120 5124
180 411 195 480 1
213 415 251 487 re]

177 606 291 675 „veteres
312 605 566 682 declinaverunt,
590 607 628 666 ut
651 605 708 665 vix
731 619 833 680 pauca
857 619 898 665 ex
921 605 981 664 hoc
1004 618 1121 677 genere
1143 605 1303 681 exempla,
1328 621 1411 679 quae

174 707 292 777 „quiem
314 711 404 768 certa
426 708 502 785 sint,
525 708 658 783 proferri
682 709 823 780 queant'’
849 707 1018 767 Hermann
1042 707 1062 767 l.
1076 706 1097 767 1.

200 809 265 884 Quid
294 809 436 870 velimus
459 812 574 871 docent
605 808 756 884 exempla
787 824 885 883 supra
917 809 1027 869 allata.
1060 808 1271 883 Participium
1294 826 1410 885 πεπροο

165 905 308 982 picerent
331 913 438 972 metro
460 912 618 985 dactylico
641 910 787 985 adaptari
811 910 925 983 nequit
946 910 1004 969 aut
1024 909 1186 982 syllabam
1205 930 1256 968 πε-
1276 911 1309 969 in
1325 909 1410 969 thesi

161 1009 256 1074 habere
288 1012 393 1089 debet,
424 1028 624 1087 quamquam
655 1013 696 1073 ad
730 1012 845 1085 longae
877 1011 1022 1084 syllabae
1053 1026 1243 1072 mensuram
1274 1025 1337 1071 non
1369 1026 1410 1070 ex

158 1129 216 1174 asse
242 1116 502 1190 pervenientem
538 1115 669 1190 produci
699 1115 811 1174 autem
843 1128 916 1174 eam
947 1114 1027 1173 sinit
1058 1114 1211 1189 metrum,
1244 1127 1319 1186 ergo
1346 1127 1410 1172 non

155 1217 316 1291 corripitur.
341 1217 404 1278 Sed
426 1232 505 1278 voce
528 1205 647 1295 όρόιιιοιν
671 1216 900 1276 abstinendum
924 1217 975 1276 est
997 1215 1102 1289 poetis
1125 1215 1235 1291 epicis,
1258 1215 1321 1274 nisi
1345 1229 1409 1274 cor·

152 1319 256 1393 ripiant
284 1318 447 1392 syllabam
480 1333 705 1393 praegressam
738 1314 778 1391 11;
817 1319 877 1378 dea
909 1312 1065 1395 Ἀφροδίτη
1099 1317 1212 1377 abesse
1244 1317 1338 1377 debet
1368 1315 1409 1375 ab

151 1420 208 1495 ipsc
237 1421 322 1494 quod
357 1420 513 1482 excitavit
543 1421 627 1482 bello
658 1421 805 1495 Troiano,
830 1420 859 1480 ei
882 1435 939 1495 pro
963 1419 1053 1481 breui
1075 1419 1187 1480 haberi
1211 1419 1324 1492 nequit
1346 1416 1408 1491 syl·

150 1521 212 1582 laba
244 1522 380 1582 initialis
414 1522 484 1583 eius
514 1523 670 1597 nominis;
706 1523 904 1583 adiectivum
935 1518 1121 1601 ἀλλοθρόους
1150 1522 1208 1581 aut
1237 1535 1300 1580 non
1335 1519 1410 1594 poni

151 1623 232 1684 debet
261 1624 295 1682 in
325 1639 424 1684 versu
453 1624 611 1698 dactylico
642 1626 701 1684 aut
732 1625 874 1684 secunda
904 1623 994 1683 brevi
1024 1623 1116 1698 poni;
1141 1623 1222 1682 item
1245 1621 1410 1696 epitheton

151 1725 365 1799 perantiquum
388 1728 585 1803 τειχεσιπλῆτα
609 1726 673 1785 nisi
696 1726 794 1785 tertia
818 1725 907 1785 brevi
931 1724 1060 1784 admitti
1082 1739 1147 1784 non
1168 1725 1285 1798 potest.

188 1825 272 1886 Sice
295 1828 420 1901 septem
449 1826 528 1887 locis
556 1826 665 1887 allatis
695 1827 834 1900 quinque
857 1826 987 1886 facilem
1005 1826 1126 1886 habent
1149 1825 1409 1896 excusationem

156 1929 264 1987 restant
293 1929 405 1988 tamen
435 1928 508 2004 duo,
532 1929 566 1988 in
593 1929 709 2001 quibus
731 1926 867 2003 syllaba,
892 1942 975 2000 quae
997 1927 1155 2002 positione
1179 1926 1275 1986 debili
1297 1926 1408 2000 produ·

159 2027 234 2104 citur,
256 2029 337 2089 citra
358 2031 591 2092 necessitatem
615 2031 649 2090 in
672 2030 758 2091 thesi
781 2030 938 2091 collocata
961 2030 1023 2106 est,
1048 2027 1157 2107 πᾱιρός
1187 2030 1220 2089 et
1241 2025 1275 2087 rb
1298 2036 1408 2106 πρῶτοι.

161 2127 237 2189 iales
266 2130 327 2191 loci
361 2131 445 2206 apud
478 2131 658 2193 Homerum
692 2133 757 2193 rari
792 2134 870 2192 sunt
893 2125 933 2206 ²);
966 2132 1023 2192 sed
1055 2132 1176 2191 rariora
1208 2130 1308 2190 etiam
1332 2129 1410 2189 sunt

167 2315 360 2327 ’ξι-

168 2445 194 2485 ‚t
212 2435 233 2481 11.
255 2435 285 2491 ὥς
309 2439 331 2484 οἳ
357 2438 400 2495 μλν
424 2443 521 2483 τοιαῦτα
545 2438 604 2501 πρός
625 2440 735 2497 ἀλλήλους
757 2439 870 2502 ἂγόρνυον
894 2438 947 2484 und
969 2442 1009 2485 κατ’
1030 2456 1071 2496 μιν
1086 2442 1194 2499 φωνήσας
1213 2439 1269 2483 insa
1286 2438 1412 2499 πυρόεντα

168 2517 281 2576 ,προσηύδα
295 2517 345 2566 Die
362 2518 430 2563 erste
446 2515 524 2563 Form
540 2517 621 2564 findet
637 2518 694 2564 sich
711 2518 737 2563 in
755 2517 804 2564 den
823 2517 917 2564 beiden
943 2516 1085 2565 Gedichten
1104 2519 1173 2576 101,
1191 2516 1231 2562 die
1250 2515 1344 2562 andere
1362 2515 1410 2560 ris

170 2592 221 2643 nul.
235 2595 262 2642 ln
275 2596 387 2669 anderen
404 2597 534 2655 Begicnw
553 2596 599 2662 des
616 2597 709 2644 Verses
725 2596 855 2655 begegnet
874 2597 920 2642 das
934 2597 1090 2643 vereinzelt”
1101 2609 1123 2642 ν.
1132 2597 1220 2642 Hartel
1238 2596 1306 2641 hom.
1317 2593 1410 2641 studi

169 2675 241 2728 piis.
257 2701 286 2709 -
307 2677 372 2724 (tum
392 2676 549 2735 demptione
567 2689 633 2736 quse
651 2677 680 2723 fit
697 2679 757 2736 post
778 2678 883 2723 tertium
901 2677 1050 2723 trochaeum
1070 2675 1246 2736 componenda
1264 2677 1324 2721 eunt
1342 2688 1409 2733 quse

170 2748 240 2800 111111
254 2755 285 2803 de
301 2757 388 2816 prisce
404 2755 548 2802 hexametri
566 2755 648 2801 forma
666 2755 816 2815 disputavit,
835 2755 867 2801 ci.
886 2768 963 2815 supra
981 2769 1039 2814 pag.
1059 2758 1097 2803 11.

193 2825 266 2891 111111
290 2834 417 2881 vocabula
442 2834 579 2894 permulta,
605 2847 672 2893 quae
698 2834 735 2880 ita
761 2838 821 2881 sunt
847 2834 1006 2895 conformata
1035 2837 1064 2881 ut
1091 2835 1205 2894 syllabae
1233 2833 1411 2894 praecedentis

170 2915 325 2972 ereptionem
340 2914 451 2961 Atticam
468 2915 604 2975 imperiose
619 2914 743 2974 flagitent,
758 2915 863 2973 collegit
878 2915 996 2973 Spitzner
1010 2912 1065 2960 l.1.:
1083 2917 1194 2967 Κλιώιας,
1211 2916 1411 2976 Κλῠτοιμοήοτρο,

171 2990 255 3048 mirus,
278 2986 405 3047 Πλόταιαν,
427 2985 535 3057 spineta,
555 2994 698 3058 τρᾶπὲσθαι,
721 2989 819 3059 spicosa,
841 2987 954 3057 (Ιρᾶχῗοιν,
971 2995 1090 3056 sipiritum,
1107 2999 1197 3056 βροτῶν
1215 2996 1265 3046 -ούς
1282 3001 1338 3039 -οῑσι
1356 2998 1409 3043 -οἳο,

171 3060 231 3128 diffie,
244 3073 395 3136 ἆμφῖόρῠφής,
413 3074 554 3136 θρᾶστιάων,
571 3076 674 3136 θρόνους
689 3088 753 3127 -οισι,
769 3073 893 3137 νρᾶδαλνω,
911 3065 1012 3137 κρόνιια,
1027 3075 1142 3135 κριῖταιός,
1162 3075 1267 3136 Κρόνοιο,
1283 3072 1409 3137 κρῦφηδόν,

171 3153 291 3213 ι1111111111,
307 3157 449 3217 προκυμινα
466 3155 514 3199 eto.
1328 3198 1331 3204 ,

192 3227 241 3286 Apis
265 3232 381 3292 exemplu
408 3234 468 3279 111111
493 3251 507 3279 ν
533 3232 582 3280 854
604 3235 755 3297 προπάροιθι
779 3234 873 3295 θρόνων
899 3235 994 3277 ἐτόταινι
1011 3231 1124 3295 τραπέζας
1141 3234 1167 3277 et
1184 3249 1201 3291 χ
1220 3232 1268 3277 488
1287 3225 1330 3292 (=
1348 3226 1408 3291 452)

171 3304 222 3370 *όῐᾶρ
234 3310 307 3357 incra
324 3314 426 3375 θρόνους
441 3311 590 3376 πνρικαλλόας
608 3312 646 3370 prr
663 3312 783 3375 τραπέζας,
801 3310 897 3370 quibus
914 3311 978 3357 locis
994 3334 1027 3342 —
1045 3324 1091 3357 nso
1109 3307 1169 3356 alibi
1191 3324 1301 3370 usquam
1318 3334 1350 3342 -
1368 3309 1409 3354 bis

171 3378 217 3429 itin
229 3391 298 3436 unius
315 3402 406 3436 versus
423 3392 536 3449 spatium
554 3391 666 3437 admissa
684 3393 724 3437 est
741 3391 868 3449 correptio
886 3391 979 3436 Attica.

192 3463 241 3513 Hine
262 3483 311 3516 non
333 3469 459 3516 refellitur
484 3469 588 3529 quidem
607 3495 640 3504 -
656 3470 735 3516 immo
761 3470 896 3528 placet-
914 3469 959 3514 sed
984 3469 1105 3515 incertior
1127 3471 1212 3514 temen
1236 3481 1314 3527 quam
1336 3467 1408 3512 utin

170 3538 285 3594 1101111111
309 3549 415 3595 Homeri
440 3550 588 3595 recensione
612 3561 642 3594 ea
668 3549 707 3595 uti
732 3549 861 3608 possimus
887 3548 917 3594 fit
942 3548 1049 3595 Useneri
1067 3548 1179 3607 suspicio
1196 3548 1271 3605 altgr.
1294 3546 1409 3593 Versbsu

169 3623 229 3681 1115,
247 3640 294 3673 non
316 3627 439 3691 προσηύδα
461 3628 507 3675 sed
530 3629 636 3688 ποτηύόοι
656 3628 759 3675 dedisse
777 3630 880 3688 poetam
899 3629 1019 3674 inversu
1037 3616 1266 3674 formularifima
1284 3628 1408 3690 πτερόεντά

167 3707 267 3763 muntia.
288 3707 373 3755 Etim
396 3707 532 3756 locutionis
553 3711 649 3754 τοιαῦτᾶ
666 3708 725 3771 πρός
743 3710 854 3766 ἀλλήλους
871 3710 982 3771 ἀγόρευον
1000 3709 1100 3755 numeri
1119 3709 1154 3754 ita
1171 3710 1279 3767 possunt
1296 3706 1408 3762 defendi,

166 3773 225 3830 turn
237 3787 302 3833 euim
318 3799 409 3833 rocem
426 3788 507 3834 effluit
523 3787 679 3848 praepositio
697 3801 757 3835 cum
774 3801 821 3834 suo
840 3789 950 3848 nomine,
968 3793 1144 3851 τρουολλήλους.

189 3856 204 3918 'i
218 3864 377 3913 Necessitstis
394 3868 515 3914 metricae
532 3867 603 3914 nulls
619 3868 718 3914 ratione
735 3867 823 3913 habita
843 3881 867 3912 v.
885 3867 910 3912 d.
928 3868 997 3913 Buth
1013 3867 1030 3914 1.
1048 3868 1064 3914 1,
1081 3867 1169 3914 docuit
1185 3866 1254 3926 apud
1269 3867 1408 3912 Homerum

161 3938 234 3989 1111111
249 3944 350 3992 vocales
367 3949 426 3992 ente
444 3931 542 3993 mutam
560 3960 618 3993 cum
636 3946 735 4005 liquida

395 4025 491 4072 inani
534 4040 590 4073 esse
640 4027 704 4073 locis
730 4026 761 4072 Il.
781 4026 941 4077 1613-1-011.
962 4027 1150 4073 106οε1673.

396 4138 422 4184 in
439 4137 499 4186 um.
533 4103 625 4165 corripi
667 4140 679 4162 „
740 4141 751 4161 ,,
795 4106 882 4155 2671-
913 4140 925 4160 ,,
976 4107 1066 4152 289:
1092 4107 1148 4152 556.

531 4181 632 4245 produci
669 4219 681 4241 „
741 4218 753 4240 „
813 4185 883 4234 581-
914 4219 926 4240 „
994 4187 1067 4233 32:
1111 4187 1150 4231 90.

178 4261 224 4317 oui
248 4263 348 4310 numeri
375 4263 505 4321 aliquanto
531 4265 644 4310 minores
661 4266 722 4310 sunt
742 4264 817 4319 veris,
835 4266 904 4310 certe
922 4264 992 4324 apud
1008 4266 1152 4311 Hartelium
1170 4265 1280 4322 legimus
1297 4267 1322 4310 in
1342 4266 1408 4311 thesi

145 4340 265 4399 syllabam
282 4343 387 4389 finalem
405 4343 532 4403 positione
551 4343 630 4390 debili
647 4356 697 4390 ncn
715 4343 822 4403 produci
839 4343 903 4389 locis
926 4345 973 4390 280
989 4346 1010 4400 ÷
1027 4345 1182 4403 294=574‚
1199 4342 1262 4389 locis
1284 4346 1330 4391 105
1349 4358 1407 4403 pro-

143 4421 208 4467 duci.
233 4423 352 4469 Attsmen
379 4423 442 4469 11111
460 4426 567 4483 apparet
584 4422 696 4481 syllabus
713 4424 840 4482 positione
858 4423 937 4469 debili
954 4423 1093 4483 productas
1111 4424 1152 4470 vix
1168 4422 1286 4471 tricesimo
1304 4438 1407 4483 qnoque

139 4502 196 4548 loeo
213 4497 240 4545 111
254 4499 316 4547 thasi
333 4501 448 4560 reperiri
466 4501 497 4547 In
513 4501 627 4560 Odyssea
644 4501 845 4561 frequentiorem
863 4515 940 4560 quam
958 4503 985 4549 in
1002 4503 1083 4549 Iliade
1099 4503 1217 4550 videmus
1234 4517 1290 4549 esse
1305 4518 1406 4564 correp·

139 4581 235 4627 tionem
252 4581 373 4628 Ath'cam.
