3120 5124
744 396 825 442 nxix

142 586 221 646 quae
254 570 334 633 data
369 584 466 646 opera
500 569 725 644 inquireretur.
761 568 854 630 liudo
884 583 942 645 per
971 568 1079 630 iocum
1113 570 1187 644 post
1217 568 1332 644 pocula
1363 570 1416 630 rel

141 674 222 734 inter
253 670 490 735 ambulandum
520 670 779 747 proponebantur
809 671 1076 745 quaestiunculae
1099 672 1139 732 ad
1163 671 1297 732 Homeri
1320 672 1415 733 inter·

140 774 356 849 pretationem
391 772 601 849 pertinentes,
644 772 826 834 sententiae
863 771 967 847 lepide
1002 772 1168 849 obscurae,
1207 788 1271 833 non
1308 774 1415 850 anxie,

142 879 178 937 ut
208 874 306 937 Gellii
328 874 436 937 verbis
459 873 578 946 (XVIII
603 876 632 944 2)
664 877 755 950 utar;
787 874 885 935 aliive
907 873 976 934 ludi
998 873 1147 935 litterarii
1170 874 1358 952 agebantur,
1382 876 1414 936 in

141 978 258 1052 quibus
289 977 320 1039 ei
350 978 480 1039 tantum
510 975 668 1038 excellere
691 977 841 1052 poterant
863 976 918 1048 qui
942 975 1032 1050 epica
1054 976 1200 1036 carmina
1222 977 1255 1037 in
1279 990 1413 1038 succum

141 1082 174 1141 et
201 1079 398 1154 sanguinem
427 1078 626 1154 recepissent
650 1073 689 1153 Ι);
719 1079 815 1139 modo
844 1078 885 1139 de
914 1073 1053 1156 ἀπορίαις
1078 1071 1250 1156 Ὁμηρικοῖς
1274 1078 1358 1139 serio
1382 1081 1416 1139 et

140 1183 258 1243 acriter
287 1181 321 1241 in
352 1180 481 1242 diversa
510 1179 744 1256 disputabatur,
768 1178 928 1253 multique
951 1179 1025 1240 inde
1048 1195 1069 1240 a
1091 1180 1311 1256 sophistarum
1333 1194 1415 1241 aevo

141 1284 274 1347 merant
302 1283 359 1357 qui
380 1281 552 1357 gloriolam
574 1281 720 1357 aliquam
743 1282 819 1343 inde
843 1281 906 1342 sibi
927 1282 1115 1357 captarent;
1140 1281 1311 1343 videantur
1333 1296 1416 1356 quae

140 1386 179 1446 de
209 1383 436 1460 grammaticis
464 1384 520 1458 qui
551 1379 716 1444 ἐνσσοιιιιοί
745 1385 780 1445 et
809 1382 924 1443 λυτικοί
956 1384 1032 1445 dicti
1061 1385 1140 1445 sunt
1161 1384 1293 1459 scripsit
1313 1384 1414 1444 Lchrs

139 1481 254 1549 Anca?
274 1502 306 1562 p.
328 1486 391 1546 199
403 1500 473 1559 sqq.
494 1485 544 1546 Ab
565 1486 716 1547 acumine
736 1499 798 1559 quo
826 1486 1011 1546 huiusmodi
1031 1483 1162 1563 ζητήσεις
1182 1483 1302 1559 lingere
1318 1485 1416 1546 sciret

139 1587 226 1648 licea
259 1601 324 1649 non
359 1585 454 1654 iacile
484 1587 697 1648 admittentes
729 1587 866 1660 Satyrus
897 1587 1028 1661 quidam
1060 1586 1241 1648 Aristarchi
1270 1586 1416 1660 aequalis

139 1705 196 1766 per
228 1690 339 1751 iocum
373 1683 390 1749 l
422 1691 503 1766 Ζθρο
535 1690 587 1751 est
617 1691 839 1764 nuncupatus;
872 1690 1001 1764 propter
1034 1688 1198 1748 doctrinae
1232 1688 1415 1749 ubertatem

139 1790 413 1865 velocitatemque
434 1791 554 1865 ingenii
577 1791 694 1865 quibus
716 1791 924 1865 quaestiones
954 1791 1116 1865 quaslibet
1143 1791 1269 1851 solvere
1296 1790 1416 1852 soleret

141 1893 303 1955 Ciceronis
333 1895 479 1969 tempore
509 1893 632 1956 Romae
666 1893 858 1955 laudabatur
887 1893 1037 1954 Valerius
1073 1892 1160 1969 (lato,
1193 1907 1292 1966 quem
1321 1892 1416 1954 bellis

138 1995 291 2056 civilibus
324 1993 366 2054 ad
399 1995 626 2069 paupertatem
656 1994 819 2070 adactum,
852 2009 927 2055 cum
957 1993 1111 2054 solvendo
1145 2007 1209 2054 nou
1244 1994 1342 2069 esset,
1373 1991 1414 2052 li.

138 2097 255 2158 Furius
277 2093 455 2156 Bibaculus
476 2093 551 2156 risit
572 2094 808 2169 epigrammate
831 2095 916 2170 apud
939 2094 1136 2157 Suetonium·
1150 2094 1189 2156 de
1209 2094 1254 2157 ill.
1274 2109 1414 2169 gramm.

142 2199 178 2258 11
204 2198 358 2259 servato:

456 2296 587 2361 catonis
610 2298 715 2376 modo,
740 2297 842 2376 Galle,
864 2298 1086 2360 Tusculanum

453 2401 523 2462 tota
545 2400 683 2462 creditor
703 2400 782 2460 urbe
806 2400 1004 2462 venditabat.

454 2501 561 2563 Mirati
583 2516 709 2577 eumue,
734 2501 867 2563 unicum
890 2503 1096 2578 magistrum,

455 2618 623 2665 summum
647 2603 911 2680 grammaticum,
935 2604 1096 2678 optimum
1118 2604 1259 2679 poetam,

453 2720 568 2767 omnes
590 2704 717 2766 solvere
740 2719 835 2780 posse
858 2704 1075 2782 quaestiones,

452 2822 555 2875 unum
578 2806 709 2873 diiflcile
731 2807 882 2882 expedire
905 2822 1034 2869 nomen.

453 2909 501 2978 nn
523 2924 578 2972 cor
600 2908 775 2986 Zenodoti,
790 2924 830 2971 en
853 2909 942 2970 iecur
966 2909 1115 2970 Cratetis.

180 3009 350 3073 lnilnitam
381 3013 493 3072 autem
524 2994 754 3085 quaestionum
782 3009 1029 3072 Homericamm
1058 3011 1184 3087 copiam
1206 3011 1240 3071 in
1263 3011 1414 3085 promptu

138 3110 238 3180 illisae
268 3111 366 3175 iacile
397 3112 628 3189 intellegimus,
662 3127 749 3174 cum·
768 3114 967 3187 reputamus
991 3113 1134 3188 primum
1166 3113 1280 3173 statim
1303 3111 1414 3172 iliadis

140 3213 335 3277 vocabulum
354 3213 539 3288 deputandi
558 3229 676 3276 ansam
695 3213 900 3288 praebuisse:
924 3213 1007 3291 ,Gur
1025 3228 1045 3273 a
1063 3228 1142 3275 voce
1163 3212 1248 3274 male
1269 3212 1415 3272 ominata

140 3315 272 3382 initium
303 3314 382 3376 iecit
404 3315 545 3390 poeta?”
568 3315 751 3390 rogabatur.
765 3316 924 3378 ⁴ieiunam
948 3317 1173 3389 quaestionem
1195 3314 1415 3376 insulsissime

140 3416 221 3492 apio
255 3417 315 3485 ita,
337 3416 492 3481 solvebat.
519 3419 557 3478 ut
590 3416 711 3479 litteris
743 3418 815 3476 ΜΗ
841 3432 1016 3478 numerum
1046 3417 1301 3494 rhapsodiamm,
1333 3430 1415 3490 quae

171 3679 193 3748 ¹)
209 3685 253 3733 Sic
278 3685 312 3733 ad
337 3686 450 3735 animum
472 3685 674 3735 demulcendum
697 3687 776 3746 atque
799 3685 937 3733 laxandum
962 3699 977 3733 e
1000 3687 1108 3746 singulis
1131 3687 1245 3734 convivis
1262 3687 1417 3747 poscebatur

142 3777 163 3810 e.
179 3777 205 3824 g.
221 3768 252 3812 ut
269 3766 409 3814 recitarent
424 3779 515 3814 verens
535 3766 685 3814 Homericos
705 3765 797 3813 eadem
814 3766 901 3813 littere
919 3765 1073 3826 incipientes
1090 3768 1168 3827 atque
1195 3766 1417 3827 desinentea'vid.

141 3844 230 3892 Athen.
247 3844 313 3906 xp.
337 3847 401 3894 468..
421 3846 545 3893 Eiusdem
562 3845 660 3893 farinae
678 3846 720 3892 eat
737 3845 831 3892 Iuliani
847 3846 1013 3906 imperatoria
1028 3846 1061 3892 de
1079 3846 1210 3906 Penelope
1226 3845 1344 3905 aenigma
1355 3851 1418 3892 rer·

142 3935 197 3970 anm
215 3941 232 3969 ιι
250 3924 300 3971 82⁹
317 3927 438 3984 spectans
456 3922 479 3978 SE
495 3925 566 3971 nodia
584 3927 712 3987 δμβιβανῖα
729 3924 880 3989 ιριδάκτυλος
898 3922 1033 3986 Ιέιφαάνθη
1051 3920 1170 3989 (Gregor.
1194 3923 1307 3971 Corinth.
1324 3937 1350 3984 p.
1368 3926 1417 3971 407

142 4001 288 4065 Schaeieri.
311 4003 354 4051 ilic
376 4003 541 4052 observatum
565 4005 605 4051 eet
625 4003 651 4049 ln
673 4015 750 4050 versu
773 4008 800 4050 x
822 4005 853 4051 59
874 4006 981 4050 cunctae
1003 4003 1125 4051 orationis
1140 4006 1229 4064 partee
1243 4015 1301 4050 esse
1316 4003 1416 4051 adhibi·

141 4082 187 4141 tas,
202 4094 307 4129 versum
324 4085 349 4128 Γ
369 4082 417 4129 iat
440 4096 487 4142 per
514 4083 616 4143 singula
638 4082 764 4131 vocabula
781 4083 890 4143 singulis
913 4083 1018 4143 syllabis
1033 4085 1184 4145 increscere,
1200 4094 1303 4130 versum
1324 4087 1349 4129 Χ
1368 4085 1416 4131 ias

141 4161 275 4209 verborum
301 4162 502 4224 mpositione
534 4163 561 4209 in
586 4162 722 4210 sotadeum
745 4160 824 4224 (enter
846 4166 926 4223 μιλίην
954 4163 1064 4223 Πηλιάδα
1089 4160 1164 4223 deiude
1181 4163 1231 4209 aul
1250 4160 1323 4224 ὦμον)
1341 4175 1419 4222 posse

141 4240 239 4302 mutari,
257 4253 363 4288 versum
382 4244 410 4288 Ψ
432 4241 481 4288 644
507 4241 579 4305 Ιργοιι
605 4243 721 4288 eaedem·
748 4242 789 4301 lpl
812 4241 837 4287 oi
855 4241 903 4304 χρὴ
917 4245 986 4304 γήραι
1002 4245 1079 4306 ioppe
1094 4254 1147 4301 pro
1167 4242 1286 4288 trimetro
1308 4242 1420 4290 iambico

140 4316 225 4365 haberi
240 4332 327 4380 pom
345 4317 433 4366 littam
449 4317 476 4365 in
493 4319 611 4366 versibus
629 4322 757 4382 ἰσοψήφοις
775 4318 1000 4379 deprehendendis
1018 4320 1089 4368 fuere
1111 4321 1155 4380 qni
1173 4321 1287 4367 studium
1309 4320 1418 4368 colloca-

140 4399 193 4443 rent
209 4398 293 4456 inane,
318 4411 340 4445 e.
359 4409 384 4456 g.
403 4385 494 4444 verena
522 4399 598 4445 ded
614 4397 722 4458 perinde
736 4400 815 4458 atque
831 4399 966 4459 sequentia
980 4400 1080 4446 litteras
1093 4411 1228 4447 nnmerum
1248 4399 1326 4447 edere
1343 4400 1418 4462 2848,

139 4488 222 4525 verena
240 4483 267 4526 H
283 4478 335 4525 θα
362 4489 402 4536 eq.
429 4476 531 4524 efficere
559 4478 624 4524 8498
648 4480 791 4524 memoratu
815 4477 921 4537 dignum
946 4478 1030 4525 visum
1053 4480 1101 4525 eet.
1119 4480 1259 4528 -Nonne
1279 4480 1354 4528 inere
1370 4472 1415 4527 eliss

139 4557 234 4616 quando
254 4556 303 4620 qni
319 4554 423 4604 Bibliae
441 4568 530 4604 sacrae
547 4556 648 4604 litterae
666 4560 831 4605 numerarent
849 4559 971 4605 eunome?
