3120 5124
754 382 816 443 186
1323 383 1351 454 [5
1380 381 1431 440 49

144 569 232 648 χενής
263 573 288 628 Β
313 571 354 630 54
390 572 424 628 Ψ
444 570 520 643 303,
552 568 739 645 μνχοί-ιατος
770 591 793 643 φ
819 570 881 629 146
913 570 947 628 et
976 567 1165 649 παρά-,τερος
1199 571 1234 629 Ψ
1252 571 1325 645 469,
1348 567 1434 629 480

146 672 234 743 (01.5
255 672 320 747 88),
344 669 560 753 zoam-wadan
583 671 615 728 Ω
639 671 700 731 261
727 671 865 742 PanyaS.
891 670 928 730 fr.
953 671 1003 745 17,
1025 667 1230 746 μεσαι-ιιόλιος
1249 671 1285 729 Ν
1300 673 1357 732 861
1414 668 1438 743 1),

145 772 315 853 ἰθαιχενοχ
346 773 361 845 ξ
386 775 460 849 203,
480 767 666 849 Ἰθαιμένης
698 774 731 830 Π
752 772 827 847 586,
852 774 991 846 atquae
1015 776 1128 846 postea
1150 788 1278 847 quoquo
1299 773 1332 833 in
1353 784 1436 832 usu

144 875 284 950 fuerunt,
319 874 429 952 άοίιιοι,
462 873 554 953 χάμαί
587 877 786 951 (χαμαιεῦναι,
815 872 1051 951 χαμαιευνάδες),
1083 869 1258 951 ὁδον-πόρος
1291 873 1322 932 Ω
1349 871 1434 934 376

145 971 343 1054 (ὁδοιπόριον
366 998 382 1036 ο
408 978 493 1052 506),
526 992 585 1037 neo
613 991 675 1036 non
701 976 891 1037 adverbium
916 973 1068 1036 ἐνταυθοῖ.
1091 1009 1129 1018 -
1160 975 1206 1036 Of.
1231 975 1431 1036 adverbium

144 1073 230 1137 πέδοι
262 1079 345 1153 apud
376 1079 493 1140 Aeeoh.
521 1080 627 1140 Prom.
662 1080 737 1154 272,
768 1079 842 1154 749,
868 1077 1005 1154 Gboepb.
1030 1079 1083 1154 48,
1108 1079 1142 1138 et
1166 1077 1230 1138 vid.
1254 1080 1430 1152 praeterea

144 1180 261 1248 9315.

189 1375 211 1460 5
234 1380 291 1446 49.
323 1384 462 1457 Roganti
497 1384 715 1458 „quorsumi”
740 1398 836 1458 saepe
867 1398 1058 1458 responsum
1093 1383 1189 1443 datur
1212 1398 1303 1444 moro
1328 1393 1412 1442 εσσε·

147 1485 264 1561 sativo,
289 1501 316 1546 e.
340 1500 370 1558 g.

484 1584 627 1665 ἔρχεσθον
646 1585 762 1663 κλισίην
875 1589 905 1644 Α
929 1586 1004 1646 322.

484 1688 572 1765 κνίση
597 1682 624 1746 δ’
652 1686 784 1766 οὐρανὸν
808 1680 851 1747 ἷκε
876 1690 905 1745 Α
928 1688 1003 1748 317.

187 1789 288 1863 Saepe
320 1793 432 1850 autem
463 1792 649 1851 accusativo
680 1790 886 1863 subiungitur
918 1789 1033 1850 vocula
1055 1789 1113 1866 -δε,
1137 1804 1165 1849 e.
1188 1804 1220 1863 g.
1250 1782 1406 1864 Ἰθάκηνδε,

145 1888 288 1968 φόβονδε,
308 1890 460 1967 δοῖκόνδε,
483 1891 576 1952 δόνδε
600 1890 739 1968 δόμονδε,
761 1889 884 1967 φάοσδε,
907 1881 1047 1968 οὖδάσδε,
1069 1888 1170 1966 drocis,
1190 1887 1323 1950 πόλινδε.

188 1992 277 2052 Idem
311 1992 467 2053 suffixum
498 1995 656 2068 reperitur
677 1994 711 2053 in
735 1993 896 2054 adverbiis
918 1992 1053 2069 foluddr,
1075 1991 1202 2073 φύχᾶδε,
1224 1979 1335 2050 ἐνθάδε
1356 1990 1408 2049 bor

144 2094 223 2162 (Art.
260 2092 370 2171 δεῦρο),
402 2111 429 2155 e.
455 2112 484 2169 g.
522 2098 547 2153 Β
577 2096 640 2155 287
674 2096 786 2156 2256
811 2117 830 2153 α
857 2096 930 2166 173,
965 2110 1104 2168 quorum
1137 2093 1281 2169 primum
1315 2092 1409 2153 etiam

143 2196 256 2268 postea
286 2196 319 2255 in
350 2212 412 2257 usu
443 2197 622 2271 permansit
645 2192 688 2274 ²);
716 2197 871 2257 ultimum
894 2211 958 2257 non
982 2198 1033 2256 est
1056 2194 1318 2257 confundendum
1340 2208 1410 2255 cum

142 2295 340 2369 homonymo
364 2285 474 2356 ἐνθάδε
496 2299 544 2356 bic
567 2296 647 2374 (Att.
673 2285 806 2373 ἐνθάδε),
831 2313 858 2357 e.
883 2312 913 2371 g.
938 2300 967 2356 Α
992 2299 1064 2357 171.

186 2397 308 2458 Notatu
330 2399 465 2472 dignum
488 2401 539 2459 eet
562 2396 721 2459 Ἅειδόσδε
745 2397 825 2472 (Art.
850 2398 891 2470 εἰς
906 2395 1025 2477 Ἅιδου)
1057 2401 1092 2457 Η
1113 2399 1178 2460 330
1202 2400 1275 2475 ete,
1295 2399 1329 2459 in
1353 2412 1414 2472 qua

142 2514 220 2559 voce
244 2498 401 2559 suffixum
425 2499 471 2559 -6ε
494 2500 637 2574 genitivo
660 2503 711 2561 est
734 2501 953 2563 subiunctum.

187 2702 306 2762 Eadem
331 2706 381 2764 est
404 2706 550 2779 potestas
573 2703 767 2764 suffixorum
790 2702 860 2780 -ὁῖς,
882 2704 936 2781 -ζε,
957 2719 1020 2765 -σει

185 2803 262 2875 -δῖςῑ
299 2801 418 2876 άλλῦδις
439 2830 471 2851 =
491 2802 595 2865 άλλοσε
629 2807 662 2865 in
693 2805 854 2866 locutione
886 2801 1007 2877 άλλυδις
1042 2800 1129 2876 dirue
1153 2802 1216 2884 (-λη
1248 2809 1299 2865 -λα
1332 2810 1416 2875 -λονς

142 2906 242 2965 etiam
266 2909 339 2990 -λχ7
363 2908 428 2967 vid.
452 2909 492 2968 ad
517 2929 530 2966 ε
556 2909 619 2968 309
643 2911 659 2965 λ
684 2907 761 2983 385)
786 2912 816 2965 Λ
840 2909 904 2968 486
930 2909 990 2968 eto.

185 3004 343 3086 ἀμοιβηδίς
367 3011 396 3065 Σ
420 3011 483 3070 506
497 3008 537 3088 (i)
561 3026 578 3068 o
600 3011 665 3069 310
688 3011 719 3070 h.
745 3010 813 3071 Ger.
840 3011 914 3084 326,
940 3006 1136 3088 ἐπαμοιβᾶδίς
1159 3030 1172 3068 ε
1196 3009 1272 3071 481.

187 3105 295 3185 άμῦδις
316 3136 349 3156 =
368 3108 429 3188 ἅμα
453 3114 468 3169 i
493 3114 512 3172 6
538 3114 566 3170 K
592 3112 658 3170 300
682 3112 742 3172 et.

186 3199 311 3287 χαμάδις
331 3237 363 3258 =
383 3213 491 3290 χαμᾶζε
515 3215 544 3270 Γ
564 3213 629 3272 300
654 3215 715 3272 ete.

186 3297 246 3381 -ζει
278 3308 359 3390 ἔραζε
383 3311 428 3389 (in
455 3312 519 3374 fine
543 3329 709 3390 versuum,
735 3316 774 3373 M
799 3317 860 3376 156
885 3313 970 3391 eto),
995 3315 1113 3393 χαμᾶζε,
1134 3312 1257 3392 θύραζε.
1281 3312 1331 3373 Ex
1355 3312 1416 3373 He

142 3412 231 3472 siodo
254 3415 436 3475 addendum
461 3418 512 3475 est
535 3412 635 3493 μέταζε
660 3416 752 3490 Oper.
779 3418 853 3477 394.

185 3530 249 3575 -σεε
274 3516 337 3576 vid.
362 3517 380 3586 9
405 3518 480 3577 822.

178 3832 198 3899 ¹)
216 3837 266 3883 sed
289 3837 401 3884 alionum
423 3838 482 3884 hino
507 3841 547 3885 est
564 3842 742 3901 κραιαι-χύαλος
763 3839 935 3898 T861‚quae
952 3838 1418 3900 adieetiviupururoyriuimstfomt

141 3917 218 3963 metri
236 3930 313 3964 cause
330 3917 446 3972 denotem
465 3917 499 3963 of.
517 3918 530 3974 ξ
551 3919 588 3963 12.

175 3994 194 4054 ²)
213 3996 286 4042 Idem
309 3997 431 4043 suffixum
449 3997 596 4055 agnoscitur
613 3998 639 4043 in
655 3997 767 4056 tragicae
783 3996 902 4044 diationis
920 3996 1041 4044 adverbio
1058 3995 1103 4045 te«
1121 3995 1174 4044 huc.
1191 3997 1243 4045 Sed
1260 3999 1294 4046 eb
1310 4000 1418 4048 Homeri

141 4075 230 4132 lingua
256 4074 283 4120 id
308 4075 418 4122 alienum
444 4088 501 4122 esee
525 4088 585 4123 vere
608 4075 755 4122 observavit
776 4075 954 4132 Aristarchum
977 4075 1010 4123 de
1032 4076 1096 4124 looie
1118 4076 1205 4125 dubiis
1227 4081 1250 4124 Σ
1266 4080 1316 4126 309
1333 4098 1349 4126 α
1368 4081 1417 4128 189

141 4172 154 4216 ρ
179 4155 236 4213 544,
262 4155 307 4201 ubi
333 4153 376 4201 ὦδε
394 4155 463 4202 idem
485 4155 555 4215 quod
579 4157 646 4220 δεῦρο
669 4156 755 4202 velere
778 4156 905 4215 putebant
920 4157 1061 4203 Buttmann
1078 4159 1105 4203 et
1121 4156 1230 4218 Bekker,
1255 4157 1307 4205 vid.
1334 4159 1418 4208 Iaehre

141 4230 292 4280 Arietaroh.¹
310 4247 336 4293 p.
354 4235 402 4281 979
421 4248 486 4295 sqq„
505 4235 549 4294 qui
567 4235 716 4282 Buttmanni
733 4235 881 4294 opinionem
899 4235 956 4283 ooil.
975 4253 988 4300 ρ
1007 4236 1054 4283 447
1072 4237 1085 4291 ζ
1102 4236 1150 4283 918
1170 4236 1268 4297 optime
1285 4237 1417 4287 refutent

141 4313 196 4360 vid.
215 4314 293 4360 etiem
311 4314 387 4359 lectio
405 4313 528 4360 Zenodoti
547 4317 579 4359 Μ
596 4316 652 4361 848.

174 4392 272 4438 Eadem
298 4393 396 4439 ratione
420 4395 553 4452 praetereo
576 4393 713 4440 formatum
737 4397 777 4440 eet
801 4393 951 4441 adverbium
974 4394 1033 4441 reid·
1057 4393 1097 4441 vei
1120 4394 1182 4441 ιυεδι
1198 4390 1335 4461 (debeo)
1355 4396 1417 4445 Heu.

141 4473 217 4531 Oper.
241 4473 289 4517 695
314 4472 440 4531 Aristoph.
466 4472 575 4518 Acheru.
595 4474 642 4520 884
649 4485 656 4528 ;
680 4474 818 4535 utrobique
842 4475 867 4520 in
893 4475 1026 4522 oodioibue
1049 4477 1089 4521 eet
1105 4475 1170 4539 τῇδε)
1196 4471 1250 4523 illio
1270 4475 1420 4525 emendem

143 4551 235 4613 Bergk,
253 4550 294 4597 hio
312 4551 422 4612 Bloydee
441 4553 468 4598 et
486 4552 574 4600 Cobet.
