3120 5124
770 402 811 462 68
1334 404 1362 473 [5
1387 404 1422 463 13

204 595 306 668 Magis
340 593 439 653 etiam
475 590 626 664 suspecta
657 590 690 649 et
720 590 777 648 vix
808 589 986 650 tolerabilis
1017 592 1068 651 est
1097 590 1192 652 lectio
1221 595 1251 649 A
1275 593 1350 667 272,
1374 591 1425 651 ubi

159 697 284 771 syllaba
311 716 356 753 -αι
377 691 571 753 nominativi
594 691 729 765 pluralis
752 691 833 751 elisa
856 693 916 767 est,
940 685 1082 770 ὀξεῖ’(αι),
1106 693 1183 754 licet
1205 693 1246 753 ad
1274 708 1424 754 excusau-

157 800 234 860 dam
256 813 329 859 eam
354 795 460 857 afferri
483 793 587 869 possit
609 793 797 867 posterioris
819 794 892 853 aevi
916 809 981 854 vox
1003 795 1137 868 vulgata
1160 790 1313 874 ὁσημέραι.

201 902 246 961 De
291 899 451 960 secundae
493 909 648 970 personae
689 896 830 955 termino
872 892 962 973 -(σ)αι
993 897 1027 956 in
1061 895 1243 958 Homericis
1281 895 1425 957 elidendo

156 1019 239 1076 quae
261 1002 432 1063 observare
454 997 622 1071 habemus,
646 997 804 1070 aptiorem
828 998 861 1057 in
884 999 902 1066 ἓ
928 1000 989 1058 117
1014 999 1121 1059 locum
1143 998 1321 1059 invenient.

201 1106 247 1166 De
269 1101 438 1164 infinitivis
460 1100 494 1159 in
516 1119 617 1174 -μεναι
639 1099 772 1159 elisione
795 1100 972 1160 decurtatis
995 1101 1058 1161 vid.
1082 1101 1100 1168 ἓ
1126 1101 1199 1161 125.

200 1311 246 1370 De
274 1308 407 1368 elisione
430 1303 618 1378 diphthongi
641 1324 684 1362 -οι
708 1303 871 1375 aliquanto
899 1304 1003 1364 fusius
1026 1306 1077 1365 est
1099 1305 1342 1377 disputandum.
1367 1303 1425 1380 Qui

155 1427 255 1472 sonus
277 1409 429 1483 quoniam
454 1421 557 1477 neque
581 1405 664 1479 apud
687 1405 881 1479 posteriores
903 1406 1073 1466 elisionem
1097 1405 1241 1465 admittit
1268 1420 1373 1479 neque
1392 1407 1424 1465 in

155 1512 352 1574 carminibus
382 1507 481 1582 epicis
508 1506 582 1566 elidi
606 1505 698 1581 solet,
723 1506 875 1567 notabilis
898 1507 1073 1567 admodum
1097 1510 1148 1568 est
1171 1508 1319 1583 exceptio
1342 1522 1424 1581 quae

156 1614 243 1674 valet
266 1614 300 1671 in
322 1611 430 1670 dativo
452 1609 679 1684 pronominum
703 1608 921 1682 personalium
944 1630 994 1684 μοι
1018 1626 1065 1668 σοι
1087 1630 1133 1668 τοι
1154 1610 1216 1668 fos.
1236 1609 1307 1669 Vid.
1327 1608 1424 1670 Cobet

156 1715 355 1785 Mnemosyn.
384 1712 467 1771 1875
491 1726 521 1784 p.
535 1711 610 1784 362,
631 1724 694 1769 vau
713 1710 871 1770 Leeuwen
892 1709 1092 1784 Mnemosyn.
1116 1711 1199 1770 1885
1220 1725 1251 1785 p.
1271 1710 1421 1770 188-215.

199 1816 324 1875 illisum
348 1833 398 1888 μοι
420 1812 577 1886 reperitur
599 1811 633 1870 in
657 1813 750 1871 textu
773 1811 892 1871 tradito
915 1811 966 1870 his
990 1812 1085 1872 locis:

245 1915 277 1988 ὅς
300 1910 326 1992 μ’
352 1913 453 1973 ἔθελεν
477 1912 610 1990 φιλότητι
633 1911 792 1992 μιγήμεναι
814 1909 870 1972 οὐκ
893 1909 1048 1996 ἐθελούσῃ.
1117 1916 1142 1972 Ζ
1169 1917 1241 1975 165.

243 2010 320 2077 λεῖπ’
347 2011 399 2094 ἄγε
422 2007 461 2091 μ’,
484 2004 507 2072 ὦ
529 2007 663 2073 πολύαιν’
684 2006 818 2072 Ὀδυσεῦ.
1116 2017 1136 2074 Ι
1160 2017 1224 2076 673
1249 2018 1277 2074 Κ
1303 2017 1377 2076 544.

245 2120 337 2194 δεῦτε,
359 2116 451 2192 φίλοι,
473 2114 525 2173 καί
546 2109 571 2191 μ’
599 2113 652 2199 οἴῳ
674 2111 806 2191 ἀμύνετε.
1119 2118 1154 2176 Ν
1177 2120 1251 2179 481.

243 2219 335 2280 ταῦτά
359 2212 383 2295 μ’
411 2214 595 2297 ἀγειρόμενοι
617 2210 688 2292 θάμ’
713 2212 835 2294 ἐβάζετε.
1117 2221 1152 2277 Π
1172 2221 1234 2279 207
1257 2216 1291 2289 ¹).

243 2332 282 2404 τῷ
306 2315 332 2397 μ’
358 2316 459 2389 οὔτις
484 2322 613 2377 Δαναῶν
637 2317 832 2395 νεμεσήσεται.
1119 2323 1144 2379 Ρ
1166 2323 1238 2382 100.

242 2434 281 2507 τῷ
305 2416 332 2498 μ’
358 2418 394 2481 ot
416 2442 444 2479 ιι
467 2417 537 2497 μετὰ
560 2416 646 2498 φρεσὶ
668 2428 759 2479 ταῦτα
783 2418 900 2498 μέμηλε.
1118 2424 1145 2481 T
1165 2424 1228 2482 213
1251 2422 1286 2499 ²).

242 2524 295 2584 καί
316 2519 341 2601 μ’
368 2519 404 2582 oti
426 2520 493 2580 τινά
514 2544 591 2598 φημι
612 2515 616 2603 Ι
637 2517 726 2580 ἄλλον
748 2519 925 2600 ἐπιπλήξειν.
1012 2587 1014 2591 ,
1118 2525 1153 2581 Ψ
1173 2525 1248 2584 oili.

240 2626 260 2704 ή
283 2620 308 2702 μ’
336 2624 388 2708 οἴῳ
410 2621 548 2702 ,Ρέρροντι
570 2622 737 2699 συνήντετο.
1116 2623 1133 2684 ti
1157 2628 1232 2686 367.

242 2728 318 2788 δῶκε
341 2723 373 2786 δέ
396 2748 446 2803 μοι
468 2722 599 2803 ἐκδείρας
623 2721 715 2784 ἀσκὸν
739 2723 809 2804 βοὸς
832 2722 988 2803 ἐννεώροιο
1112 2749 1129 2786 ιι
1155 2731 1194 2786 19
1221 2722 1254 2799 ³).

240 2828 266 2889 εἰ
287 2828 343 2908 γάρ
366 2827 409 2900 τίς
432 2821 458 2904 μ’
484 2824 557 2905 ἄλλη
579 2848 659 2905 γε...
681 2820 685 2908 λ
716 2821 793 2886 ταῦτ’
819 2820 937 2887 ttoood
963 2825 1076 2907 ἤγγειλε
1113 2842 1139 2905 ψ
1164 2832 1215 2890 21.

195 2931 322 2991 Veteris
363 2930 460 2989 huius
500 2929 601 2989 moris
635 2929 773 3002 vestigia
815 2930 898 3004 apud
932 2930 1059 2989 Atticos
1093 2936 1204 2991 servat
1238 2931 1420 2993 interiectio

150 3032 239 3109 οἴμοι,
272 3047 354 3104 quse
383 3031 467 3105 apud
500 3031 750 3105 Aristophanem
785 3031 915 3105 saepius
946 3030 1026 3090 elisa
1055 3031 1213 3105 reperltur
1235 3033 1329 3109 (Ach.
1356 3035 1419 3094 590

149 3134 245 3209 vesp.
282 3133 366 3193 1449
396 3132 477 3193 Nub.
512 3132 596 3191 1238
628 3130 702 3208 etc.)
726 3135 758 3192 et
781 3132 883 3192 semel
913 3133 1095 3206 iterumque
1118 3133 1202 3207 apud
1226 3133 1419 3209 Sophoclem

150 3236 212 3311 (hi.
249 3235 323 3310 354,
360 3234 422 3294 587
456 3234 531 3294 Ant.
557 3235 631 3308 320,
670 3230 777 3311 1270).
813 3234 921 3295 Etiam
951 3234 1147 3295 locutionem
1178 3230 1215 3294 ob
1239 3229 1266 3312 μ’
1293 3232 1421 3317 ἀρέσκει,

182 3465 200 3526 ¹)
218 3470 272 3516 Hoc
298 3468 354 3514 loco
377 3471 463 3514 utrum
491 3486 530 3524 μοι
552 3468 662 3514 voluerit
683 3472 759 3528 poeta
783 3471 829 3526 (sie
852 3470 931 3516 schol.
956 3470 989 3516 V:
1013 3470 1055 3526 „ab
1079 3476 1162 3535 πλῆρες
1181 3467 1250 3536 μεθ’)
1268 3485 1301 3518 an
1319 3490 1349 3531 ps
1366 3468 1417 3537 (sle

147 3549 227 3595 schol.
245 3543 278 3612 A)
301 3549 427 3593 incertum
448 3550 495 3593 est.
517 3548 697 3594 Accusativum
715 3549 760 3606 qui
776 3546 938 3607 intellegunt,
955 3553 1095 3608 provocant
1112 3550 1145 3597 ad
1161 3563 1264 3598 versum
1282 3557 1298 3598 1
1313 3553 1354 3609 ot,
1372 3552 1418 3612 qui

146 3630 232 3674 tamen
256 3627 360 3686 spurius
382 3639 438 3671 esse
462 3625 570 3672 videtur.
593 3626 770 3673 Aristarchum
794 3641 844 3674 non
866 3647 906 3686 μοι
924 3628 970 3676 sed
987 3648 1015 3686 μι
1033 3629 1194 3689 supplevisse
1211 3630 1351 3677 verisimile
1368 3634 1418 3691 est,

146 3704 306 3765 quamquem
325 3717 375 3751 non
399 3718 445 3763 pro
469 3707 538 3751 certo
556 3705 582 3750 id
601 3708 687 3764 potest
704 3706 772 3752 eissci
790 3722 804 3752 s
822 3707 907 3753 verbis
925 3707 1016 3754 scholii
1033 3709 1062 3768 A,
1086 3708 1131 3755 ubi
1148 3709 1213 3755 haee
1229 3710 1348 3768 quaestio
1365 3724 1417 3758 nou

146 3787 259 3844 tangitur
283 3785 328 3832 sed
354 3783 532 3830 tantummodo
558 3784 590 3830 de
612 3784 706 3830 litteris
732 3787 882 3832 TAYTAM
905 3800 989 3834 sermo
1012 3790 1059 3847 est,
1083 3800 1148 3846 quas
1171 3786 1333 3836 Herodianus
1355 3802 1417 3838 cum

145 3864 291 3911 Aristarcho
314 3862 531 3921 interpretabatur
548 3866 620 3909 ταῦτά
637 3864 670 3920 μ’,
688 3863 824 3910 oblocutus
847 3865 957 3912 (tratetis
975 3865 1102 3925 discipulo
1119 3867 1255 3927 Hemesa,
1272 3869 1317 3927 qui
1334 3870 1417 3929 paru-

144 3944 228 3990 culam
246 3945 295 4002 ἃμα
311 3943 395 3989 inesse
413 3942 578 3988 contenderat
595 3938 669 4004 (ταῦτ’
689 3942 728 3999 ίὶμ·
749 3943 789 3989 vel
808 3945 895 4003 potius
913 3945 1052 4005 eauu'dp'i.
1070 3946 1110 3992 Er
1123 3948 1417 4005 quacontroveraiahoo

143 4027 228 4070 tamen
252 4022 383 4081 discimus,
406 4023 507 4067 veteres
536 4021 639 4066 criticos
662 4022 712 4066 noh
735 4025 802 4067 MOI
819 4023 865 4069 sed
882 4037 959 4070 unam
977 4024 1090 4071 litteram
1108 4028 1139 4072 M
1154 4025 1181 4071 in
1198 4026 1253 4072 suis
1270 4026 1345 4074 libris
1364 4027 1416 4076 hoc

144 4101 199 4147 loco
216 4100 369 4160 repperisse.

177 4178 197 4237 ¹)
215 4181 245 4226 ln
263 4180 394 4240 plerisque
412 4181 485 4228 codd.
503 4185 544 4228 est
559 4185 586 4228 ed
604 4201 652 4242 μοι,
670 4197 720 4229 non
739 4187 816 4240 reete,
834 4184 866 4230 cs.
885 4184 900 4243 ξ
919 4186 959 4231 96.

176 4256 195 4316 ³)
214 4259 320 4307 Oedices
346 4273 435 4308 omnes
461 4261 486 4307 δέ
507 4279 547 4319 μοι
574 4263 619 4308 tud.
642 4262 747 4319 habent,
773 4263 848 4322 plene
870 4264 1014 4323 perscripto
1038 4264 1202 4324 pronomiue;
1228 4263 1261 4311 uf.
1287 4264 1415 4315 Ludwich

142 4339 217 4385 Arist.
234 4339 261 4385 II
278 4353 303 4398 p.
323 4341 362 4387 25,
389 4342 440 4386 Aut
465 4339 582 4387 voculam
609 4342 634 4388 rt
658 4345 703 4389 aut
725 4343 942 4402 praepositionem
967 4347 1003 4391 lx·
1028 4357 1084 4391 esse
1105 4342 1241 4391 delendam
1259 4342 1321 4390 olim
1339 4344 1415 4393 fuera

141 4419 185 4475 qui
203 4418 380 4478 opinabantur,
403 4420 498 4478 quibus
520 4421 643 4468 LaRoche
668 4423 694 4468 in
718 4423 830 4469 editione
849 4423 937 4469 critica
959 4423 1014 4470 iure
1033 4435 1073 4471 esc
1090 4423 1235 4471 oblocutus.
1258 4424 1325 4484 Apte
1351 4436 1413 4471 con·

141 4497 229 4544 tuleris
254 4499 413 4557 epitaphium
441 4501 554 4548 Atticum
576 4503 673 4548 saeomi
696 4501 745 4548 111¹
763 4503 867 4550 horrido
890 4506 970 4549 metro
992 4503 1164 4564 perscriptum
1181 4502 1272 4550 Keibel
1290 4504 1337 4551 θῦε
1361 4504 1415 4559 οἵας

139 4581 238 4641 χάριτάς
254 4596 293 4636 μοι
311 4579 441 4624 ἀπέδωκαν.
