3120 5124
154 400 174 468 ἓ
201 401 256 471 27]
767 403 828 462 103

154 583 203 644 δεῖ
239 585 360 646 σεύαιτο
394 586 512 648 διώκειν
546 591 572 648 Ρ
602 591 666 650 463
702 589 808 660 (lectio
843 590 987 665 incerta),
1019 587 1093 650 mci
1125 595 1281 667 συφεοῖσιν
1304 587 1430 671 ἕὲἑργνο

154 709 172 744 κ
198 688 275 747 238.
300 687 371 749 Νοο
394 690 555 764 pertinent
578 692 640 752 huc
668 694 695 749 Υ
715 693 817 751 303σ
842 694 881 752 77
907 715 930 768 φ
955 694 1029 769 219,
1054 693 1093 752 ο1.
1118 694 1136 761 5
1163 694 1212 753 19.

200 791 238 850 In
268 791 345 851 thesi
374 792 482 852 brevis
513 791 635 853 vocalis
666 794 741 853 ante
772 793 928 866 liquidam
962 809 1026 854 non
1061 794 1255 869 producitur,
1284 810 1324 854 ne
1354 796 1430 855 anto

151 891 301 952 litteram
324 914 341 971 ρ
364 893 511 968 quidem;
536 909 563 955 e.
586 909 634 968 g.:
713 900 716 905 ’

243 983 285 1065 ὧς
307 991 447 1055 ἀπόλοιτο
468 991 519 1054 καὶ
540 991 627 1066 ἄλλος
650 993 709 1066 ὅτις
731 994 852 1055 τοιαῦτά
875 994 909 1075 y?
932 993 1016 1074 ῥέζοι.
1239 1021 1258 1055 οι
1286 999 1339 1057 47.

244 1094 373 1168 πλάζων·
395 1093 468 1156 οὐδέ
488 1095 518 1156 τί
538 1119 589 1174 μιν
612 1094 713 1157 σθένει
734 1095 863 1176 ρηγνῦσῖ
882 1094 1005 1177 ῥέοντες.
1238 1102 1263 1157 Ρ
1288 1101 1360 1160 751.

152 1199 245 1259 Duae
268 1200 398 1260 tantum
422 1199 588 1261 offendunt
611 1200 833 1274 exceptiones:
858 1196 951 1259 πολλο1
973 1196 1131 1277 λισσομένη
1150 1223 1217 1271 -νος
1237 1223 1293 1259 -νω
1315 1203 1344 1258 Ε
1364 1201 1428 1260 358

154 1301 185 1358 Φ
204 1300 270 1360 368
292 1301 373 1371 (7.1.
395 1302 424 1360 Φ
444 1302 507 1361 492
517 1304 543 1373 ’1)
564 1305 596 1361 Χ
614 1304 654 1362 91
677 1302 727 1373 (cf.
749 1303 833 1372 §aii
846 1298 990 1363 θ1ιιοιινᾶ
1003 1299 1155 1381 ῥωγαλέην
1168 1324 1185 1360 ν
1199 1303 1263 1363 438
1276 1306 1349 1379 (Ξρ
1366 1302 1428 1363 198

151 1416 170 1458 σ
193 1402 279 1471 109).
304 1402 343 1462 In
366 1418 463 1464 versu
486 1403 518 1461 Ω
539 1406 601 1464 755
621 1419 678 1479 pro
696 1400 790 1463 solid
811 1402 1003 1482 ῥυστάζεσκεν
1024 1404 1230 1464 scribendum
1252 1407 1303 1464 est
1321 1404 1430 1478 potius

151 1497 232 1563 πόλλ’
270 1500 495 1582 ἐρρυσεάζεσκεν
529 1506 638 1566 addito
672 1507 858 1581 augmento,
893 1507 926 1567 et
959 1506 991 1565 ln
1023 1526 1041 1563 κ
1075 1507 1139 1565 324
1162 1520 1225 1565 non
1249 1508 1301 1565 est
1329 1520 1429 1566 causa

148 1621 209 1666 cur
232 1606 364 1667 lectioni
383 1607 535 1681 vulgatae
554 1606 607 1667 καί
623 1601 649 1685 μ’
672 1603 879 1688 ὀλοφυρομένη
901 1608 1141 1667 substituamus
1157 1607 1428 1681 Aristophanoam

148 1706 205 1766 ιιοιί
226 1717 265 1784 ni
285 1705 452 1786 λισσομένη.

195 1809 292 1871 Locis
321 1811 407 1871 haud
437 1811 549 1886 paucis
572 1814 648 1872 ante
672 1811 828 1885 liquidam
854 1813 1010 1886 producta
1033 1811 1190 1885 reperitur
1216 1811 1338 1872 vocalis
1360 1812 1426 1871 bre·

147 1912 212 1988 vis,
239 1927 322 1986 quae
345 1912 476 1974 etiamsi
499 1928 564 1973 non
583 1913 704 1986 liquida
727 1914 783 1974 sed
803 1916 896 1974 muta
916 1915 1105 1987 sequoretur
1125 1928 1182 1987 pro
1201 1913 1298 1987 longa
1316 1915 1428 1973 tamen

147 2014 253 2074 aliam
288 2015 328 2074 ob
364 2029 498 2075 causam
533 2014 643 2074 haberi
673 2017 792 2088 posset.
823 2015 875 2075 Sic
899 2016 932 2074 in
956 2030 1053 2074 versu
1077 2017 1106 2072 Α
1130 2015 1194 2074 454
1215 2008 1351 2091 ’τίμησας
1374 2010 1428 2090 μὲν

146 2112 211 2192 ἐμὲ,
238 2112 313 2194 μέγα
344 2109 376 2175 δ’
408 2115 483 2191 ἴψαο
513 2114 586 2176 λαὸν
609 2118 731 2193 Ἀχαιῶν
755 2132 819 2178 non
843 2117 875 2176 vi
900 2117 1051 2192 liquidae,
1075 2117 1161 2176 certe
1187 2131 1250 2176 non
1275 2117 1335 2176 hac
1359 2115 1429 2176 sola

146 2219 340 2292 producitur
361 2217 487 2291 syllaba
510 2228 555 2295 με,
576 2218 633 2279 sed
659 2218 764 2291 magis
788 2219 890 2278 etiarn
914 2219 946 2277 vi
971 2233 1125 2278 caesmae
1147 2219 1181 2276 ot
1201 2218 1426 2291 interpunctio-

147 2320 213 2395 nis,
247 2319 328 2380 item
360 2323 388 2377 A
411 2320 473 2379 321
499 2322 577 2394 etc.;
610 2319 784 2380 videantur
814 2320 913 2380 etiam
939 2319 1089 2395 exempla
1110 2319 1284 2394 productae
1308 2319 1429 2379 vocalis

147 2444 195 2498 -α,
218 2436 305 2494 quae
327 2421 361 2481 in
384 2420 448 2482 fine
471 2423 489 2491 5
516 2422 555 2481 19
579 2421 752 2482 attulimus
778 2417 931 2492 (Διοκλὲεᾱ
953 2420 1130 2500 μεγάθυμον
1153 2423 1181 2477 Ε
1205 2423 1268 2481 547
1293 2423 1374 2491 etc).

193 2656 217 2741 fi
242 2659 294 2725 27.
330 2661 538 2722 Elementnm
562 2683 578 2740 ρ
602 2661 658 2721 ubi
681 2661 799 2721 radicis
823 2661 914 2720 initio
943 2660 1135 2721 collocatum
1159 2661 1326 2736 reperitur,
1349 2662 1428 2721 olim

145 2765 369 2838 praemissam
392 2763 506 2824 habuit
528 2763 718 2838 spirantem,
742 2763 765 2819 f
787 2764 845 2823 aut
868 2778 902 2836 σ;
927 2762 966 2822 ο1.
993 2761 1028 2822 G.
1050 2760 1170 2836 Meyor²
1198 2778 1228 2837 p.
1252 2765 1325 2823 173.
1346 2764 1426 2822 Dua·

145 2881 223 2926 rum
260 2865 360 2938 igitur
394 2864 578 2925 litterarum
613 2865 682 2924 vice
714 2864 876 2937 tanguam
910 2865 1103 2937 quapropter
1134 2878 1207 2923 eam
1238 2864 1336 2924 habet
1360 2865 1427 2924 vim

144 2970 249 3040 atque
284 2966 436 3042 indolem,
467 2967 504 3026 ut
533 2967 567 3026 in
591 2965 823 3026 vocabulorum
852 2965 1085 3039 compositione
1108 2966 1196 3024 etin
1223 2966 1337 3025 formis
1360 2982 1427 3026 ver·

144 3068 266 3129 borum
301 3069 477 3143 augmento
518 3068 672 3142 praeditis
709 3066 871 3140 syllabam
909 3067 1155 3127 antecedentem
1189 3068 1360 3141 producat;
1397 3068 1428 3127 id

143 3170 235 3244 quod
264 3171 483 3244 geminatione
512 3169 641 3230 litterae
673 3191 689 3247 ρ
717 3168 819 3229 oculis
843 3169 976 3228 indicari
1005 3169 1099 3245 solet,
1122 3169 1252 3242 perinde
1275 3172 1371 3242 atque
1394 3170 1427 3229 in

144 3272 271 3332 litteris
295 3272 426 3332 Atticis

191 3374 233 3433 In
256 3374 325 3433 arsi
347 3373 448 3433 etiam
471 3373 600 3433 litterae
623 3375 640 3431 λ
663 3394 683 3448 μ
706 3394 724 3430 ν
746 3373 769 3430 f
794 3387 812 3429 σ
833 3386 1079 3443 nonnumquam
1104 3371 1273 3434 iterantur.

191 3475 319 3535 Littera
348 3497 366 3554 ρ
396 3475 458 3535 etsi
489 3475 522 3534 in
550 3475 636 3535 thesi
666 3489 792 3548 quoque
824 3473 981 3546 geminari
1002 3473 1095 3548 solet,
1121 3489 1148 3533 e.
1173 3488 1203 3547 g.
1229 3468 1299 3533 odd'
1324 3471 1426 3552 ἔρρηξε

142 3580 175 3636 Γ
195 3577 275 3653 348,
299 3575 347 3659 οἴη
372 3570 402 3635 δ’
429 3573 484 3636 οὐκ
507 3574 602 3654 ἔρρεξε
627 3578 646 3634 Ι
668 3578 742 3652 536,
764 3575 951 3649 excipienda
970 3576 1081 3634 tamen
1103 3577 1180 3634 sunt
1200 3577 1298 3636 verba
1318 3568 1427 3653 ἕρὺεεο,

141 3677 245 3755 ἕρῦτο,
280 3670 404 3757 ἕρῧσοιτο
440 3681 465 3736 Ζ
501 3679 564 3739 403
601 3681 628 3737 Δ
665 3679 726 3739 138
758 3683 789 3736 Λ
820 3679 883 3738 363
920 3678 980 3737 etc.
1017 3677 1104 3747 (alibi
1128 3673 1201 3755 ἕρρ-,
1232 3693 1259 3738 θ.
1285 3691 1315 3750 g.
1341 3699 1359 3734 α
1384 3681 1425 3750 6),

141 3776 314 3857 ἐράπτομεν
336 3800 360 3839 ιι
390 3781 465 3856 379,
497 3777 675 3858 ἆνᾶροιβδεῖ
698 3803 719 3856 μ
746 3781 808 3840 105
836 3778 924 3849 (alibi
947 3775 1072 3857 ἀναρρ.),
1097 3778 1294 3857 ιιυνοροιίστης
1318 3802 1334 3857 ρ
1360 3781 1425 3839 300

140 3881 216 3953 (sed
239 3881 462 3960 θυμορραίσεης
486 3883 521 3940 Ν
542 3884 606 3942 544
630 3885 713 3958 eto),
739 3887 771 3942 et
795 3881 975 3954 composita
998 3880 1121 3952 aliquot
1150 3882 1268 3941 radicis
1297 3879 1425 3958 def-dm

140 3980 266 4062 ιιρορέοι
300 3985 330 4042 Ε
360 3983 424 4044 598
459 3984 531 4060 etta,
566 3981 741 4061 ἀμφίρυτος,
773 3980 937 4060 καλλῗροος,
964 3970 1118 4060 χειμᾶροος
1143 3982 1193 4052 (cf.
1228 3984 1245 4052 ἓ
1270 3986 1322 4059 61,
1347 3982 1425 4046 alibi

140 4083 344 4165 χειμάρροος),
379 4081 522 4163 ὠκῦροος,
555 4081 762 4163 καλλῖρὲεθρος
786 4088 819 4159 ¹),
854 4080 1059 4161 εὐρΰρὲεθρος.
1084 4116 1127 4125 -
1152 4085 1213 4144 Pro
1242 4082 1317 4160 ἔρεζε
1343 4082 1426 4161 ἔρεξα

143 4190 169 4246 Β
205 4187 274 4246 400
304 4190 333 4246 Α
357 4188 420 4248 361
454 4187 557 4247 1453
582 4188 654 4261 etc,
685 4183 807 4262 ἄρεκτον
842 4188 868 4242 Τ
890 4185 964 4261 150,
997 4185 1135 4245 fortasse
1167 4186 1339 4259 legendum
1375 4188 1426 4247 est

140 4285 252 4365 ἔῐερξε
275 4284 381 4366 ἔὲερξα
404 4284 559 4368 ἅέερκιον.
586 4288 632 4349 cf.
658 4289 676 4356 ἓ
702 4289 774 4347 132.

182 4572 208 4639 ¹)
225 4576 299 4636 Apud
316 4577 378 4624 Eur.
396 4579 502 4625 Heroni.
521 4580 569 4626 784
586 4578 682 4638 legitur
699 4579 876 4643 καλλιρρέεθρος
892 4567 1055 4644 (,.¹,W,).
