3120 5124
128 434 203 504 226]
685 432 749 491 469

122 636 216 681 rsona
256 621 340 695 sing.
380 620 559 695 praesentis
592 620 626 679 et
654 619 834 693 imperfecti
877 621 911 679 in
942 623 1036 681 textu
1076 621 1195 680 tradito
1229 623 1352 697 passim

122 726 165 783 ter
198 738 234 782 se
269 724 348 782 sunt
378 723 592 796 permutatae,
624 721 688 781 vid.
720 721 766 780 La
796 722 903 782 Roclre
927 723 1112 783 Textkritik
1135 738 1165 796 p.
1193 724 1351 797 lili-1973

122 826 273 898 apropter
304 824 453 883 nostrum
483 826 534 883 est
564 824 709 883 statuere
741 825 852 883 utrum
876 823 1014 897 singulis
1036 825 1116 884 locis
1141 820 1246 902 ἤνωγε,
1269 824 1352 897 quod

122 925 261 1000 lporfecti
284 928 346 1000 est,
371 925 414 985 sit
437 925 643 985 scribendum
666 939 708 984 an
732 920 849 1002 ἀνώγει,
871 940 953 998 quae
972 925 1154 999 praesentis
1171 927 1222 985 est
1239 925 1352 987 forma.

122 1027 304 1087 letantem
329 1027 517 1100 imperfecto
540 1022 659 1104 ἤνωγον
681 1026 752 1085 sive
775 1021 894 1104 ἤνωγον
917 1027 966 1096 (ut
994 1026 1196 1100 imperfectis
1220 1023 1297 1102 ἔφην
1322 1031 1355 1087 61

122 1123 225 1197 ἔλενον1
249 1129 358 1188 acrisii
380 1128 479 1188 tribui
502 1127 564 1186 viS.
897 1178 898 1181 ,

127 1229 248 1290 Verum
275 1230 354 1289 olim
377 1229 540 1303 perspexit
565 1228 599 1288 P.
624 1227 757 1302 Kniglrt,
781 1227 873 1288 cuius
897 1228 1081 1301 opinionem
1113 1243 1198 1288 nunc
1227 1231 1354 1304 egregie

123 1330 274 1391 nfirmant
307 1329 542 1404 inscriptiones,
579 1345 662 1402 quae
696 1329 812 1389 docent
845 1329 1057 1403 praeteritum
1094 1324 1213 1407 ἤνωγον
1240 1332 1354 1391 etiam

122 1435 176 1493 :tra
207 1433 388 1494 Homerum
423 1431 556 1506 vixisse,
592 1432 654 1491 vid.
687 1432 860 1491 notissima
888 1430 1054 1504 inscriptio
1092 1430 1207 1505 cypria
1240 1432 1354 1493 Collitz

122 1537 127 1587 1
149 1536 189 1594 A¹
209 1528 390 1612 Ἠδαλιῆέες
412 1530 529 1613 ἤνωγον
549 1527 704 1593 Ὀνάσιλον
728 1535 788 1594 eto.
813 1535 845 1593 61
866 1532 941 1593 cla.
969 1534 1054 1592 2907
1067 1533 1226 1594 =Kaibel
1248 1534 1353 1609 Epigr.

122 1637 161 1694 '4⁵
183 1632 303 1716 ἤνωγον
326 1637 360 1696 in
383 1637 494 1695 statua
516 1635 556 1695 ab
580 1634 711 1695 homino
736 1634 850 1709 cyprio
873 1636 990 1694 erecta.

128 1738 165 1798 in
196 1738 262 1798 alia
292 1738 402 1798 omnia
433 1737 512 1797 abiit
536 1735 644 1796 Christ
676 1737 708 1796 in
735 1736 975 1809 Prolegomenis
1003 1735 1114 1796 iliadis
1138 1752 1167 1810 p.
1195 1738 1277 1813 114,
1301 1738 1356 1810 qui

123 1838 155 1899 la
177 1840 356 1915 perfectum
380 1841 414 1900 et
436 1838 788 1913 plusquamperfectum
812 1838 951 1911 genuina
975 1839 1009 1898 et
1032 1840 1163 1898 vetusta
1186 1854 1258 1898 esse
1287 1854 1356 1899 con-

122 1940 188 2001 ndit
219 1938 252 2016 ¹),
288 1941 351 2000 vid.
387 1941 486 2001 etiam
522 1939 642 2000 Meller
676 1956 734 1999 zur
768 1939 905 2013 Bildung
946 1939 1003 1999 des
1037 1940 1155 2013 griech.
1196 1939 1356 2001 Verbums

122 2043 204 2116 >rpat
236 2042 320 2102 1887
355 2057 385 2116 p.
411 2042 453 2101 48
478 2056 565 2114 sqq.;
590 2040 725 2101 eandem
749 2042 859 2100 autem
883 2041 964 2099 rnihi
991 2055 1116 2113 quoque
1140 2041 1218 2101 olim
1241 2043 1355 2104 subna-

122 2158 157 2203 m
178 2159 250 2204 esse
274 2143 493 2218 suspicionem
513 2142 565 2202 hio
585 2143 775 2203 observasse
795 2157 859 2202 non
881 2142 940 2202 abs
960 2157 995 2202 re
1015 2142 1158 2216 videtur;
1180 2159 1265 2203 nunc
1281 2160 1357 2205 vero

122 2245 210 2304 iudeo
244 2259 298 2304 me
329 2259 411 2317 quae
442 2259 481 2304 ea
504 2243 543 2303 de
566 2258 600 2303 re
623 2243 742 2317 scripto
766 2243 958 2303 mandaram
987 2256 1051 2301 non
1074 2243 1255 2320 evulgasse,
1279 2262 1357 2306 nam

122 2345 194 2406 alere
216 2345 294 2406 licet
316 2361 398 2419 queo
417 2361 480 2405 non
501 2344 648 2420 edideris,
669 2345 829 2405 reicienda
848 2346 960 2404 autem
980 2346 1031 2404 est
1050 2360 1089 2404 ea
1108 2345 1212 2419 opinio
1230 2350 1359 2422 propter

122 2447 225 2506 miam
256 2463 412 2508 versuum
444 2447 700 2520 obstrepentium
734 2446 965 2506 abundantiam
990 2447 1030 2516 (Ε
1053 2446 1116 2504 805
1146 2449 1164 2503 l
1186 2449 1248 2507 578
1273 2471 1291 2526 γ
1315 2451 1356 2509 35

130 2547 189 2608 ato
214 2549 230 2620 ζ
252 2550 316 2609 218
340 2556 355 2620 ξ
379 2549 453 2623 237,
479 2551 541 2609 471
567 2571 582 2609 ο
607 2550 648 2609 97
671 2549 747 2609 Hes
768 2549 859 2623 Oper.
881 2549 934 2618 68)
954 2550 988 2608 61
1007 2548 1149 2623 lapidum
1170 2552 1358 2613 testimonia

122 2649 185 2710 rodo
214 2650 325 2724 allata,
356 2665 415 2710 neo
445 2665 508 2709 non
540 2665 613 2710 eam
637 2650 826 2710 dissuadent
849 2650 971 2711 formae
995 2650 1130 2724 optativi
1154 2653 1204 2722 (cf.
1229 2653 1247 2721 ἓ
1273 2656 1356 2730 159),

122 2751 201 2827 ituri,
227 2751 340 2811 aoristi
364 2751 565 2811 Homericae.

136 2852 236 2927 Quam
268 2868 345 2913 vero
375 2867 473 2926 supra
503 2853 576 2913 dedi
606 2867 714 2912 rerum
743 2853 988 2929 expositionem,
1017 2854 1047 2913 ei
1066 2868 1226 2926 nusquam
1248 2871 1357 2930 repug-

122 2957 147 3013 rt
174 2959 317 3015 metrum
348 2955 411 3014 nisi
443 2955 512 3015 loco
543 2957 653 3029 aperte
681 2958 871 3029 corruptos
895 2956 969 3030 409,
994 2952 1167 3034 ubidvoye
1192 2957 1356 3030 imperfec-

122 3070 159 3115 lm
181 3071 254 3117 esse
274 3056 397 3131 nequit,
420 3057 477 3116 sed
501 3071 604 3128 neque
627 3056 760 3129 perfecti
789 3056 984 3116 indicativus
1018 3056 1092 3116 ferri
1117 3058 1233 3132 potest,
1257 3059 1357 3131 requi·

122 3158 169 3217 tur
201 3159 289 3218 enim
323 3153 433 3239 ἀνώγῃ.
467 3159 505 3218 In
540 3172 637 3217 versu
668 3157 700 3215 a
730 3157 773 3216 90
805 3153 900 3234 ἤνωγε
931 3158 1104 3230 quominus
1131 3159 1358 3233 imperfectum

126 3258 336 3333 terpretemur
369 3258 448 3318 nihil
484 3259 601 3319 obstat.
635 3258 778 3331 Denique
809 3274 865 3332 pro
895 3254 996 3336 ἤνωγα
1027 3261 1061 3319 61
1084 3255 1201 3338 ἄνωγας
1225 3263 1357 3321 rescribi

122 3357 192 3438 νώγω
216 3363 250 3420 61
272 3357 395 3438 ἀνώγεις
418 3375 572 3420 versuum
593 3360 720 3419 numeri
740 3374 902 3432 nusquam
921 3375 985 3419 non
1006 3361 1126 3436 sinunt,
1148 3377 1230 3434 quae
1246 3364 1357 3423 tamen

122 3462 221 3523 rdacia
243 3462 327 3522 foret
347 3477 421 3522 oum
444 3477 559 3536 parum
582 3462 721 3536 prudens
736 3461 873 3521 —unde
902 3462 989 3521 enim
1013 3485 1065 3540 -γν
1083 3485 1152 3541 γος
1172 3463 1358 3537 irrepserint

122 3566 236 3625 rmae?
263 3566 400 3622 -tum
424 3563 558 3624 inutilis,

136 3665 228 3726 Verbi
251 3666 340 3739 origo
366 3665 541 3738 ignoratur.

135 3849 251 3933 §22ss
285 3854 376 3934 (δερκ)
411 3849 541 3933 -δέρκεοιι
575 3857 608 3916 h.
641 3854 709 3916 Cer.
742 3855 793 3930 t0,
825 3851 970 3932 -δέρκεεαι
1003 3857 1034 3913 Π
1068 3858 1107 3914 10
1136 3858 1289 3917 1114771
1317 3860 1356 3917 16

134 3959 204 4031 518,
227 3953 386 4036 δέρκεσθαι
409 3959 528 4033 Poto,
555 3955 730 4034 δερκόμενος
755 3960 814 4017 etc.
837 3961 866 4014 A
887 3958 928 4015 88
953 3958 1025 4031 616,
1055 3957 1179 4031 imperf.
1212 3956 1356 4034 -εδέρκετο

146 4059 206 4119 385
237 4061 271 4119 61
302 4059 408 4119 iterat.
436 4052 616 4136 ’δερκέσκετο
648 4079 660 4116 ε
685 4059 738 4134 84,
769 4059 842 4134 158,
866 4074 931 4118 aor.
956 4055 1082 4136 έδρᾶκον
1106 4061 1165 4117 etc.
1191 4060 1219 4129 (ἓ
1245 4061 1355 4135 14955),

122 4160 168 4220 eri.
192 4157 312 4239 δέδορκε
336 4163 368 4218 Χ
388 4161 430 4219 95
455 4158 602 4237 δεδορκώς
626 4182 641 4217 τ
665 4162 729 4220 446
754 4159 786 4227 ²).

122 4284 284 4295 ————..-.

133 4362 151 4428 ¹)
165 4367 201 4413 Ad
218 4371 243 4414 A
261 4371 309 4416 813
328 4372 446 4418 annotat:
475 4368 608 4427 ,equidem
628 4368 766 4427 ancipitem
784 4369 937 4427 scripturam
956 4369 1049 4415 veteris
1066 4369 1226 4416 litteraturae
1244 4371 1359 4415 ΛΝΟΙῈ

122 4448 299 4509 ttranscripsi,
316 4453 346 4495 ut
361 4449 435 4507 ἄνωγε
453 4449 597 4507 praesentis
614 4448 718 4507 ubique.
735 4451 816 4506 ιἰνώγω
835 4449 967 4507 praeteribi
983 4448 1034 4494 vim
1053 4448 1184 4494 huberot.''

136 4516 221 4583 ²)Aor.
244 4541 310 4587 pass.
337 4529 428 4591 δρακείς
451 4528 525 4574 Pind.
551 4526 624 4586 Pyth.
650 4527 676 4572 11
699 4529 730 4573 20
753 4529 824 4574 Nom.
849 4528 896 4574 VII
918 4529 932 4573 8
958 4528 988 4573 fr.
1010 4526 1069 4573 100³
1086 4531 1147 4581 otc.;
1167 4541 1219 4574 eor.
1239 4528 1357 4592 δδέρχθνγν

122 4601 168 4657 liud
184 4607 297 4666 tragicos,
314 4607 409 4666 quibus
427 4607 475 4653 hoo
493 4606 599 4653 verbum
618 4606 686 4652 idem
704 4608 744 4652 est
762 4606 830 4664 qnod
848 4607 910 4672 ὁρᾶν.
947 4614 949 4619 ·
