3120 5124
145 417 158 486 ἓ
174 416 215 484 40]
723 415 782 473 141

146 605 234 680 ,heuto
254 603 347 663 einen
366 602 561 662 Homertext
580 602 705 676 druckt,
730 602 786 661 der
809 602 941 662 handelt
965 603 1077 678 falsch,
1102 620 1196 665 wenn
1221 621 1256 664 er
1280 606 1383 665 dest

146 706 204 779 ,nit
222 704 427 765 aufnimmt”.
441 738 482 746 -
496 703 631 764 Difficile
652 706 702 764 est
721 720 824 777 aequo
843 705 952 764 animo
972 706 1052 765 haec
1071 706 1243 780 perlegere.
1257 707 1382 766 Eumne

144 807 215 879 igitur
243 808 397 866 eventum
428 807 569 866 habeant
599 807 649 865 tot
679 806 823 866 virorum
849 808 1016 879 sagacium
1044 808 1286 880 disquisitiones
1310 811 1381 869 sub·

143 907 292 984 tilissimae,
327 909 365 968 ut
399 907 477 967 ilias
512 909 545 967 et
579 907 723 981 Odyssea
758 909 824 967 iam
856 910 1028 968 credantur
1058 911 1205 970 conditae
1238 926 1310 970 esse
1341 912 1380 971 ab

143 1009 294 1071 hominibus
328 1010 409 1071 artis
444 1011 477 1069 et
507 1009 617 1069 iudicii
647 1009 843 1084 expertibus
872 1011 927 1082 qui
951 1026 991 1069 ne
1014 1026 1128 1070 versus
1152 1013 1282 1084 quidem
1305 1027 1378 1087 pan-

143 1125 195 1183 gere
218 1113 360 1172 scirent?
391 1111 458 1170 Nae
489 1111 702 1185 praeferimus
725 1110 832 1170 lutum
856 1112 935 1171 illud
962 1113 1142 1187 antiquum,
1166 1114 1200 1172 in
1223 1128 1285 1185 quo
1308 1113 1380 1173 hae·

143 1212 227 1273 rebant
258 1213 403 1274 Dorvillii
434 1214 468 1271 et
498 1212 672 1287 Spitzneri;
698 1213 731 1271 hi
755 1213 842 1272 enim
866 1215 964 1273 metri
992 1215 1071 1274 vitia
1095 1215 1128 1274 in
1152 1215 1292 1274 vetustis
1316 1215 1381 1274 illis

144 1315 260 1387 operibus
290 1317 403 1375 extare
426 1314 596 1388 negabant,
621 1313 838 1373 recentissimi
864 1330 940 1374 vero
964 1316 1067 1375 critici
1092 1317 1295 1376 inanimum
1319 1316 1380 1375 sibi

144 1414 266 1476 inducunt
298 1417 380 1476 vitia
415 1416 550 1476 metrica
580 1417 703 1490 passim
737 1417 775 1476 ab
807 1418 877 1490 ipso
905 1420 980 1477 vate
1004 1418 1149 1504 admissa
1173 1433 1245 1477 esse
1269 1419 1383 1477 dormi·

144 1518 209 1593 anti,
240 1534 314 1579 cum
348 1517 445 1595 ὥσπερ
476 1525 569 1596 γραῦς
593 1516 702 1596 κάχρυς
731 1514 844 1576 ἁλοῦσα
869 1519 1051 1578 cantillaret
1074 1519 1208 1578 verbula
1231 1535 1273 1578 ex
1296 1520 1383 1580 obso-

144 1615 195 1677 letis
217 1620 406 1692 quibusdam
431 1620 628 1681 carminibus
652 1622 813 1696 excerpta,
839 1635 920 1692 quae
950 1621 1051 1694 ipsius
1075 1623 1253 1681 memoriae
1277 1623 1384 1682 inhae-

143 1724 231 1782 rerent.
253 1724 297 1782 At

309 1840 373 1885 non
397 1824 516 1884 dormit
539 1826 649 1884 vates:
674 1824 777 1884 critici
800 1839 860 1883 sua
883 1824 1010 1884 somnia
1034 1827 1176 1884 narrant.

173 1923 198 1983 Si
225 1927 295 2000 quis
325 1927 427 1988 credit
460 1942 515 1987 eos
546 1928 659 2000 poetas
690 1927 745 1998 qui
776 1927 925 1986 Hectoris
949 1942 1022 1985 cum
1052 1941 1152 1985 uxore
1176 1926 1381 2001 colloquium,

145 2022 249 2087 Achillis
267 2029 361 2103 iram,
382 2029 503 2088 Priami
522 2028 658 2102 luctum,
678 2027 785 2086 Ulixis
805 2028 944 2087 reditum
959 2028 1153 2102 cecinerunt,
1174 2029 1245 2088 ideo
1261 2029 1382 2088 dixisse

145 2119 185 2184 tat
207 2124 244 2204 io,
273 2129 359 2202 τόξον
383 2122 451 2189 οἶδα
475 2132 535 2190 etc.
560 2130 644 2202 quod
668 2129 707 2188 ab
732 2129 805 2188 aliis
830 2130 958 2189 vatibus
982 2131 1013 2188 in
1039 2130 1112 2188 aliis
1135 2130 1304 2190 versiculis
1328 2131 1381 2189 ali·

111 2243 113 2246 ⁴
144 2230 240 2297 quando
272 2231 426 2305 producta
458 2232 545 2291 esset
567 2230 694 2304 syllaba
717 2251 747 2288 -o
773 2231 824 2290 vel
852 2253 913 2306 -ov,
935 2233 963 2290 is
987 2232 1087 2291 etiarn
1111 2248 1191 2306 opus
1215 2233 1381 2292 musivum

144 2327 255 2399 picenae
279 2333 551 2393 Rembrantianae
575 2332 682 2392 simile
702 2332 822 2392 iudicet
842 2332 894 2393 vel
914 2336 1068 2393 centones
1088 2334 1278 2394 Homericos
1295 2337 1380 2393 ante·

144 2435 213 2500 ponat
233 2435 291 2509 ipsi
314 2435 466 2496 Homero.

175 2532 221 2594 Sed
242 2537 420 2597 cavendum
444 2551 485 2596 ne
505 2536 723 2609 indignatione
744 2536 867 2609 abrepti
888 2537 986 2596 verba
1009 2552 1065 2610 pro
1083 2537 1285 2608 argumentis
1305 2538 1380 2596 dare

146 2631 279 2697 rideantur
312 2640 370 2698 aut
405 2653 480 2710 erga
513 2637 594 2696 alios
629 2638 816 2712 philologos,
853 2653 908 2697 eos
943 2652 1068 2709 quoque
1103 2637 1170 2696 veri
1205 2637 1377 2712 studiosos

145 2729 217 2806 iniqui
237 2737 361 2800 fiamus.
387 2740 505 2799 sedata
528 2739 626 2811 igitur
648 2741 758 2799 mente
779 2742 967 2813 reputemus
986 2740 1109 2798 satisne
1135 2739 1242 2798 valeat
1266 2739 1379 2800 (lauert

146 2830 201 2895 haec
225 2841 404 2901 observatio
435 2841 565 2901 deloco
588 2840 700 2901 iliadis
724 2839 756 2897 Ω
782 2843 854 2901 152.
879 2842 1021 2915 luppiter
1045 2856 1119 2900 cum
1147 2842 1302 2901 mandata
1325 2843 1381 2901 dat

146 2930 198 2996 [ridi
216 2941 251 3000 ad
272 2942 441 3002 Priamum
463 2943 660 3017 perferenda,
685 2943 765 3002 haec
788 2943 893 3002 addit:

332 3040 408 3121 μηδὲ
430 3043 459 3102 τί
480 3042 511 3102 οἱ
529 3042 663 3115 θάνατος
686 3040 792 3120 μελέτω
816 3041 903 3120 φρεσὶ
926 3041 1001 3120 μηδὲ
1024 3065 1050 3102 ιι
1073 3042 1189 3122 τάρβος·

332 3150 414 3205 τοῖον
436 3143 491 3224 γάρ
515 3145 546 3204 οἵ
566 3144 686 3222 ιιομιιὸν
710 3141 879 3221 ὀπάσσομεν
903 3142 1111 3224 ἁργειφόνιην,

332 3242 365 3318 ὃς
388 3244 450 3319 ἄξει
474 3246 539 3317 εἵως
562 3268 612 3306 κεν
635 3243 716 3326 ἅχων
740 3250 845 3323 Ἀχιλῆι
869 3246 1008 3329 πελάσσῃ.

147 3332 215 3403 lenit
233 3347 290 3407 Iris
312 3349 353 3409 ad
376 3365 498 3424 regem,
522 3352 554 3409 et
577 3349 629 3408 his
652 3349 759 3409 verbis
782 3364 858 3408 eum
882 3349 1055 3423 compellat
1078 3355 1137 3420 (vs.
1166 3351 1225 3409 181
1256 3355 1354 3424 εοο.);

331 3448 407 3529 μηδέ
428 3451 457 3509 τί
477 3474 521 3510 τοι
544 3450 676 3521 θάνατος
700 3447 806 3527 μελέτω
829 3448 916 3528 φρεσὶ
939 3447 1014 3526 μηδέ
1037 3473 1063 3508 τι
1086 3450 1201 3528 τάρβος1

331 3557 409 3622 τοῖος
431 3552 487 3632 γάρ
509 3574 553 3612 ror
576 3550 694 3629 ιιομιιὸς
718 3547 763 3628 ἅμ’
792 3548 892 3627 ἕψεται
915 3549 1121 3631 ἀργειφόντης,

332 3653 365 3726 ὅς
388 3647 410 3714 r?
438 3651 500 3726 ἄξει
523 3653 589 3724 εἵως
612 3675 663 3712 κεν
686 3650 767 3732 ἅχων
792 3656 897 3730 Ἀχιλῆι
919 3652 1058 3735 πελάσσῃ.

145 3741 239 3812 Geuin
267 3756 300 3815 hi
331 3756 393 3816 loci
416 3757 572 3829 quantam
596 3756 737 3815 habeant
760 3755 828 3814 vim
852 3755 892 3814 ad
920 3754 1173 3814 confirmandam
1198 3756 1377 3815 doctrinam

144 3858 201 3916 luae
230 3860 277 3917 est
311 3859 350 3919 de
384 3859 556 3919 Homerico
581 3859 755 3932 digammo,
780 3857 1044 3916 demonstrarunt
1067 3857 1193 3916 Beklrer
1213 3860 1245 3916 et
1270 3857 1376 3918 Cobet.

143 3945 195 4020 Ilia
218 3961 326 4031 poetae
360 3961 458 4020 verba
481 3976 577 4020 versu
604 3960 664 4018 183
689 3960 760 4019 luce
784 3958 902 4018 clarius
927 3958 1110 4033 ostendunt,
1135 3959 1287 4017 inversu
1315 3961 1376 4018 154

142 4062 284 4122 pronomen
313 4056 397 4137 Fls),
430 4063 513 4135 quod
543 4077 617 4122 cum
642 4063 784 4121 metrum
808 4061 934 4133 flagitat
958 4062 1029 4118 tum
1053 4060 1224 4134 sententia,
1249 4063 1321 4133 post
1345 4055 1377 4131 ὃς

141 4149 319 4224 intercidisse.
352 4164 433 4239 Quid
456 4164 577 4237 igitur?
601 4162 728 4222 Numne
752 4164 847 4235 poeta
869 4163 965 4221 huius
996 4161 1057 4221 loci
1081 4161 1243 4234 putandus
1266 4162 1377 4219 tamen

141 4260 177 4315 est
198 4249 227 4333 ’ὃς
247 4262 307 4338 ἄξει
337 4267 493 4326 cecinisse
520 4265 578 4341 ,ad
602 4265 789 4337 exemplum
814 4264 1030 4335 antiquiorum
1060 4263 1241 4333 aliquorum
1265 4263 1376 4321 carmi·

140 4365 236 4422 lum?'’
270 4367 478 4429 Credimusne
513 4382 587 4427 eum
626 4367 800 4441 ,nesciisse
832 4381 888 4424 cur
911 4365 1100 4438 produceret
1127 4362 1286 4436 syllabam
1311 4357 1376 4438 ὃς”,

138 4461 180 4521 sed
198 4469 352 4530 audivisse
375 4470 545 4542 aliquando
568 4469 607 4528 ab
632 4469 704 4529 aliis
727 4468 910 4528 hexametri
934 4467 1024 4526 initio
1046 4465 1260 4539 productam?
1289 4465 1378 4524 Bona

140 4565 228 4628 rerba!
261 4572 399 4632 absurda
433 4572 519 4632 enim
550 4572 616 4631 iam
647 4572 756 4631 evadit
786 4571 957 4646 sententia,
989 4584 1087 4642 quarn
1115 4584 1135 4628 a
1159 4566 1290 4641 Cauero,
1314 4582 1376 4639 quo
