<?xml version="1.0" encoding="UTF-8"?>
<!DOCTYPE html PUBLIC "-//W3C//DTD XHTML 1.0 Transitional//EN"
    "http://www.w3.org/TR/xhtml1/DTD/xhtml1-transitional.dtd">
<html xmlns="http://www.w3.org/1999/xhtml" xml:lang="en" lang="en">
 <head>
  <title>
</title>
<meta http-equiv="Content-Type" content="text/html;charset=utf-8" />
  <meta name='ocr-system' content='tesseract 3.04.00' />
  <meta name='ocr-capabilities' content='ocr_page ocr_carea ocr_par ocr_line ocrx_word'/>
</head>
<body>
  <div class='ocr_page' id='page_1' title='image "./enchiridiumdict00leeugoog/enchiridiumdict00leeugoog_0027.png"; bbox 0 0 3120 5124; ppageno 0'>
   <div class='ocr_carea' id='block_1_1' title="bbox 741 406 824 452">
    <p class='ocr_par' dir='ltr' id='par_1_1' title="bbox 741 406 824 452">
     <span class='ocr_line' id='line_1_1' title="bbox 741 406 824 452; baseline 0.012 -1"><span class='ocrx_word' id='word_1_1' title='bbox 741 406 824 452; x_wconf 81' lang='lat' dir='ltr'>XVIII</span> 
     </span>
    </p>
   </div>
   <div class='ocr_carea' id='block_1_2' title="bbox 142 580 1416 3097">
    <p class='ocr_par' dir='ltr' id='par_1_2' title="bbox 144 580 1412 860">
     <span class='ocr_line' id='line_1_2' title="bbox 144 580 1412 658; baseline -0.004 -10"><span class='ocrx_word' id='word_1_2' title='bbox 144 585 230 647; x_wconf 82' lang='lat' dir='ltr'>dIcta</span> <span class='ocrx_word' id='word_1_3' title='bbox 261 585 321 643; x_wconf 87' lang='lat' dir='ltr'>est.</span> <span class='ocrx_word' id='word_1_4' title='bbox 355 580 442 642; x_wconf 76' lang='lat' dir='ltr'>Chios</span> <span class='ocrx_word' id='word_1_5' title='bbox 471 597 528 641; x_wconf 88' lang='lat' dir='ltr'>cur</span> <span class='ocrx_word' id='word_1_6' title='bbox 550 582 655 642; x_wconf 86' lang='lat' dir='ltr'>civem</span> <span class='ocrx_word' id='word_1_7' title='bbox 680 597 777 642; x_wconf 92' lang='lat' dir='ltr'>suum</span> <span class='ocrx_word' id='word_1_8' title='bbox 801 582 971 644; x_wconf 87' lang='lat' dir='ltr'>iactaverit</span> <span class='ocrx_word' id='word_1_9' title='bbox 994 583 1183 658; x_wconf 77' lang='lat' dir='ltr'>Homerum,</span> <span class='ocrx_word' id='word_1_10' title='bbox 1208 585 1302 645; x_wconf 88' lang='lat' dir='ltr'>(locet</span> <span class='ocrx_word' id='word_1_11' title='bbox 1322 584 1412 646; x_wconf 92' lang='lat' dir='ltr'>locus</span> 
     </span>
     <span class='ocr_line' id='line_1_3' title="bbox 144 684 1412 761; baseline -0.001 -13"><span class='ocrx_word' id='word_1_12' title='bbox 144 686 267 761; x_wconf 88' lang='lat' dir='ltr'><strong>Hymni</strong></span> <span class='ocrx_word' id='word_1_13' title='bbox 300 684 458 759; x_wconf 84' lang='lat' dir='ltr'>Apollinis</span> <span class='ocrx_word' id='word_1_14' title='bbox 493 698 541 743; x_wconf 84' lang='lat' dir='ltr'>vs.</span> <span class='ocrx_word' id='word_1_15' title='bbox 577 685 638 744; x_wconf 78' lang='lat'>165</span> <span class='ocrx_word' id='word_1_16' title='bbox 669 699 749 759; x_wconf 76' lang='lat' dir='ltr'>sqq,</span> <span class='ocrx_word' id='word_1_17' title='bbox 783 684 836 744; x_wconf 92' lang='lat' dir='ltr'>ubi</span> <span class='ocrx_word' id='word_1_18' title='bbox 865 687 961 758; x_wconf 90' lang='lat' dir='ltr'>poeta</span> <span class='ocrx_word' id='word_1_19' title='bbox 984 685 1123 760; x_wconf 88' lang='lat' dir='ltr'>Ionicus,</span> <span class='ocrx_word' id='word_1_20' title='bbox 1146 685 1202 758; x_wconf 93' lang='lat' dir='ltr'>qui</span> <span class='ocrx_word' id='word_1_21' title='bbox 1225 699 1355 746; x_wconf 90' lang='lat' dir='ltr'>carmen</span> <span class='ocrx_word' id='word_1_22' title='bbox 1379 686 1412 747; x_wconf 89' lang='lat' dir='ltr'>in</span> 
     </span>
     <span class='ocr_line' id='line_1_4' title="bbox 144 784 1266 860; baseline -0.002 -11"><span class='ocrx_word' id='word_1_23' title='bbox 144 791 297 849; x_wconf 82' lang='lat' dir='ltr'>honorem</span> <span class='ocrx_word' id='word_1_24' title='bbox 321 785 480 859; x_wconf 85' lang='lat' dir='ltr'>Apollinis</span> <span class='ocrx_word' id='word_1_25' title='bbox 503 784 585 845; x_wconf 88' lang='lat' dir='ltr'>Delii</span> <span class='ocrx_word' id='word_1_26' title='bbox 608 785 798 860; x_wconf 82' lang='lat' dir='ltr'><strong>composuit,</strong></span> <span class='ocrx_word' id='word_1_27' title='bbox 821 785 867 846; x_wconf 91' lang='lat' dir='ltr'>sic</span> <span class='ocrx_word' id='word_1_28' title='bbox 891 784 988 846; x_wconf 87' lang='lat' dir='ltr'>finem</span> <span class='ocrx_word' id='word_1_29' title='bbox 1013 786 1091 846; x_wconf 88' lang='lat' dir='ltr'>iacit</span> <span class='ocrx_word' id='word_1_30' title='bbox 1114 786 1266 847; x_wconf 85' lang='lat' dir='ltr'>cauendi:</span> 
     </span>
    </p>

    <p class='ocr_par' dir='ltr' id='par_1_3' title="bbox 322 878 1118 965">
     <span class='ocr_line' id='line_1_5' title="bbox 322 878 1118 965; baseline -0.001 -18"><span class='ocrx_word' id='word_1_31' title='bbox 322 881 381 947; x_wconf 80' lang='grc' dir='ltr'>ἀλλ’</span> <span class='ocrx_word' id='word_1_32' title='bbox 405 878 501 964; x_wconf 70' lang='grc' dir='ltr'><strong><em>ἄγεθ’,</em></strong></span> <span class='ocrx_word' id='word_1_33' title='bbox 522 883 618 962; x_wconf 79' lang='grc' dir='ltr'><strong><em>ἱλήκοι</em></strong></span> <span class='ocrx_word' id='word_1_34' title='bbox 641 881 695 962; x_wconf 81' lang='grc' dir='ltr'>μὲν</span> <span class='ocrx_word' id='word_1_35' title='bbox 714 880 864 946; x_wconf 80' lang='grc' dir='ltr'><strong><em>Ἀπόλλων</em></strong></span> <span class='ocrx_word' id='word_1_36' title='bbox 885 880 1029 965; x_wconf 78' lang='grc' dir='ltr'><strong><em>Ἀρτίμιδι</em></strong></span> <span class='ocrx_word' id='word_1_37' title='bbox 1053 886 1118 964; x_wconf 83' lang='grc' dir='ltr'><strong><em>ξύν,</em></strong></span> 
     </span>
    </p>

    <p class='ocr_par' dir='ltr' id='par_1_4' title="bbox 320 978 1113 1068">
     <span class='ocr_line' id='line_1_6' title="bbox 320 978 1113 1068; baseline 0 -21"><span class='ocrx_word' id='word_1_38' title='bbox 320 988 430 1068; x_wconf 77' lang='grc' dir='ltr'><strong><em>χαίρετε</em></strong></span> <span class='ocrx_word' id='word_1_39' title='bbox 453 981 480 1046; x_wconf 82' lang='grc' dir='ltr'>δ’</span> <span class='ocrx_word' id='word_1_40' title='bbox 505 978 577 1063; x_wconf 76' lang='grc' dir='ltr'><strong><em>ὕμες</em></strong></span> <span class='ocrx_word' id='word_1_41' title='bbox 600 995 701 1046; x_wconf 84' lang='grc' dir='ltr'><strong><em>πᾶσαι·</em></strong></span> <span class='ocrx_word' id='word_1_42' title='bbox 724 984 802 1064; x_wconf 75' lang='grc' dir='ltr'><strong><em>ἐμεῖο</em></strong></span> <span class='ocrx_word' id='word_1_43' title='bbox 827 982 931 1047; x_wconf 75' lang='grc' dir='ltr'><strong><em>δὲτινὶ</em></strong></span> <span class='ocrx_word' id='word_1_44' title='bbox 954 986 1113 1065; x_wconf 81' lang='grc' dir='ltr'><strong><em>μετόπισθε</em></strong></span> 
     </span>
    </p>

    <p class='ocr_par' dir='ltr' id='par_1_5' title="bbox 322 1082 1150 1169">
     <span class='ocr_line' id='line_1_7' title="bbox 322 1082 1150 1169; baseline -0.001 -20"><span class='ocrx_word' id='word_1_45' title='bbox 322 1082 481 1167; x_wconf 79' lang='grc' dir='ltr'><strong><em>μνήσασθ’,</em></strong></span> <span class='ocrx_word' id='word_1_46' title='bbox 504 1083 613 1147; x_wconf 78' lang='grc' dir='ltr'><strong><em>ὁππότε</em></strong></span> <span class='ocrx_word' id='word_1_47' title='bbox 634 1085 685 1147; x_wconf 81' lang='grc' dir='ltr'>νίν</span> <span class='ocrx_word' id='word_1_48' title='bbox 708 1108 751 1160; x_wconf 84' lang='grc' dir='ltr'>τις</span> <span class='ocrx_word' id='word_1_49' title='bbox 774 1085 955 1168; x_wconf 75' lang='grc' dir='ltr'><strong><em>ἐπιχθονίων</em></strong></span> <span class='ocrx_word' id='word_1_50' title='bbox 978 1086 1150 1169; x_wconf 76' lang='grc' dir='ltr'><strong><em>ἀνθρώπων</em></strong></span> 
     </span>
    </p>

    <p class='ocr_par' dir='ltr' id='par_1_6' title="bbox 320 1184 1060 1270">
     <span class='ocr_line' id='line_1_8' title="bbox 320 1184 1060 1270; baseline -0.001 -19"><span class='ocrx_word' id='word_1_51' title='bbox 320 1184 423 1251; x_wconf 71' lang='grc' dir='ltr'><strong><em>ἐνθάδ’</em></strong></span> <span class='ocrx_word' id='word_1_52' title='bbox 447 1187 608 1269; x_wconf 74' lang='grc' dir='ltr'><strong><em>ἀνείρηται,</em></strong></span> <span class='ocrx_word' id='word_1_53' title='bbox 629 1189 724 1262; x_wconf 83' lang='grc' dir='ltr'><strong><em>ξεῖνος</em></strong></span> <span class='ocrx_word' id='word_1_54' title='bbox 746 1191 931 1270; x_wconf 72' lang='grc' dir='ltr'><strong><em>ταλαπείριος</em></strong></span> <span class='ocrx_word' id='word_1_55' title='bbox 954 1188 1060 1251; x_wconf 73' lang='grc' dir='ltr'><strong><em>ἐλθών·</em></strong></span> 
     </span>
    </p>

    <p class='ocr_par' dir='ltr' id='par_1_7' title="bbox 323 1283 1096 1371">
     <span class='ocr_line' id='line_1_9' title="bbox 323 1283 1096 1371; baseline 0.001 -19"><span class='ocrx_word' id='word_1_56' title='bbox 323 1284 366 1370; x_wconf 60' lang='grc' dir='ltr'>,ὦ</span> <span class='ocrx_word' id='word_1_57' title='bbox 388 1299 504 1371; x_wconf 81' lang='grc' dir='ltr'><strong><em>κοῦραι,</em></strong></span> <span class='ocrx_word' id='word_1_58' title='bbox 526 1290 569 1363; x_wconf 81' lang='grc' dir='ltr'>τίς</span> <span class='ocrx_word' id='word_1_59' title='bbox 592 1285 621 1351; x_wconf 85' lang='lat' dir='ltr'>‹l&#39;</span> <span class='ocrx_word' id='word_1_60' title='bbox 647 1283 719 1368; x_wconf 76' lang='grc' dir='ltr'><strong><em>ὗμιν</em></strong></span> <span class='ocrx_word' id='word_1_61' title='bbox 742 1289 819 1370; x_wconf 74' lang='grc' dir='ltr'><strong><em>ἀνὴρ</em></strong></span> <span class='ocrx_word' id='word_1_62' title='bbox 842 1290 961 1369; x_wconf 76' lang='grc' dir='ltr'><strong><em>ἥδιστος</em></strong></span> <span class='ocrx_word' id='word_1_63' title='bbox 984 1289 1096 1353; x_wconf 79' lang='grc' dir='ltr'><strong><em>ἀοιδῶν</em></strong></span> 
     </span>
    </p>

    <p class='ocr_par' dir='ltr' id='par_1_8' title="bbox 321 1389 1099 1477">
     <span class='ocr_line' id='line_1_10' title="bbox 321 1389 1099 1477; baseline 0 -24"><span class='ocrx_word' id='word_1_64' title='bbox 321 1392 430 1454; x_wconf 77' lang='grc' dir='ltr'><strong><em>ἐνθάδε</em></strong></span> <span class='ocrx_word' id='word_1_65' title='bbox 453 1390 603 1470; x_wconf 61' lang='lat' dir='ltr'>sortietur,</span> <span class='ocrx_word' id='word_1_66' title='bbox 625 1389 674 1451; x_wconf 82' lang='grc' dir='ltr'>καί</span> <span class='ocrx_word' id='word_1_67' title='bbox 697 1390 751 1477; x_wconf 77' lang='grc' dir='ltr'>τέῳ</span> <span class='ocrx_word' id='word_1_68' title='bbox 774 1390 917 1471; x_wconf 77' lang='grc' dir='ltr'><strong><em>τέρπεσθε</em></strong></span> <span class='ocrx_word' id='word_1_69' title='bbox 939 1393 1061 1470; x_wconf 78' lang='grc' dir='ltr'><strong><em>μάλιστα</em></strong></span> <span class='ocrx_word' id='word_1_70' title='bbox 1070 1395 1099 1468; x_wconf 81' lang='grc'>;”</span> 
     </span>
    </p>

    <p class='ocr_par' dir='ltr' id='par_1_9' title="bbox 320 1485 1117 1573">
     <span class='ocr_line' id='line_1_11' title="bbox 320 1485 1117 1573; baseline 0.001 -18"><span class='ocrx_word' id='word_1_71' title='bbox 320 1487 392 1573; x_wconf 80' lang='grc' dir='ltr'><strong><em>ὗμες</em></strong></span> <span class='ocrx_word' id='word_1_72' title='bbox 416 1490 442 1555; x_wconf 81' lang='grc' dir='ltr'>δ’</span> <span class='ocrx_word' id='word_1_73' title='bbox 470 1485 503 1554; x_wconf 77' lang='grc' dir='ltr'>εὖ</span> <span class='ocrx_word' id='word_1_74' title='bbox 527 1493 605 1571; x_wconf 80' lang='grc' dir='ltr'><strong><em>μάλα</em></strong></span> <span class='ocrx_word' id='word_1_75' title='bbox 627 1502 720 1553; x_wconf 85' lang='grc' dir='ltr'><strong><em>πᾶσαι</em></strong></span> <span class='ocrx_word' id='word_1_76' title='bbox 744 1489 941 1573; x_wconf 75' lang='grc' dir='ltr'><strong><em>ὑποκρίνασθ</em></strong></span> <span class='ocrx_word' id='word_1_77' title='bbox 967 1492 1117 1573; x_wconf 77' lang='grc' dir='ltr'><strong><em>ἒνφήμως·</em></strong></span> 
     </span>
    </p>

    <p class='ocr_par' dir='ltr' id='par_1_10' title="bbox 142 1591 1416 3097">
     <span class='ocr_line' id='line_1_12' title="bbox 324 1591 1125 1681; baseline 0.001 -25"><span class='ocrx_word' id='word_1_78' title='bbox 324 1595 452 1674; x_wconf 65' lang='lat' dir='ltr'>,vomite</span> <span class='ocrx_word' id='word_1_79' title='bbox 475 1593 562 1674; x_wconf 79' lang='grc' dir='ltr'><strong><em>ἀνήρ,</em></strong></span> <span class='ocrx_word' id='word_1_80' title='bbox 584 1595 663 1655; x_wconf 82' lang='grc' dir='ltr'><strong><em>οἰκεῖ</em></strong></span> <span class='ocrx_word' id='word_1_81' title='bbox 680 1591 712 1654; x_wconf 72' lang='grc' dir='ltr'>δὲ</span> <span class='ocrx_word' id='word_1_82' title='bbox 736 1595 800 1680; x_wconf 84' lang='grc' dir='ltr'><strong><em>Χίρο</em></strong></span> <span class='ocrx_word' id='word_1_83' title='bbox 823 1595 867 1656; x_wconf 72' lang='grc' dir='ltr'>ἔνι</span> <span class='ocrx_word' id='word_1_84' title='bbox 889 1595 1125 1681; x_wconf 67' lang='grc' dir='ltr'><strong><em>παιπαλοέσσρρ”,</em></strong></span> 
     </span>
     <span class='ocr_line' id='line_1_13' title="bbox 144 1687 1412 1775; baseline -0.002 -12"><span class='ocrx_word' id='word_1_85' title='bbox 144 1719 268 1765; x_wconf 80' lang='lat' dir='ltr'>roccam</span> <span class='ocrx_word' id='word_1_86' title='bbox 295 1703 392 1775; x_wconf 84' lang='lat' dir='ltr'>igitur</span> <span class='ocrx_word' id='word_1_87' title='bbox 421 1701 578 1758; x_wconf 79' lang='lat' dir='ltr'>cantorem</span> <span class='ocrx_word' id='word_1_88' title='bbox 604 1695 670 1757; x_wconf 78' lang='lat' dir='ltr'>otti</span> <span class='ocrx_word' id='word_1_89' title='bbox 691 1698 879 1758; x_wconf 71' lang='lat' dir='ltr'>latitantem</span> <span class='ocrx_word' id='word_1_90' title='bbox 904 1699 1011 1759; x_wconf 88' lang='lat' dir='ltr'>verbis</span> <span class='ocrx_word' id='word_1_91' title='bbox 1032 1687 1168 1761; x_wconf 80' lang='lat' dir='ltr'>minime</span> <span class='ocrx_word' id='word_1_92' title='bbox 1192 1700 1354 1775; x_wconf 81' lang='lat' dir='ltr'><strong>ambiguis</strong></span> <span class='ocrx_word' id='word_1_93' title='bbox 1376 1715 1412 1760; x_wconf 89' lang='lat' dir='ltr'>ee</span> 
     </span>
     <span class='ocr_line' id='line_1_14' title="bbox 145 1799 1412 1879; baseline -0.004 -14"><span class='ocrx_word' id='word_1_94' title='bbox 145 1819 331 1879; x_wconf 86' lang='lat' dir='ltr'>nuncupans</span> <span class='ocrx_word' id='word_1_95' title='bbox 361 1803 429 1876; x_wconf 87' lang='lat' dir='ltr'>ipse</span> <span class='ocrx_word' id='word_1_96' title='bbox 451 1799 480 1869; x_wconf 88' lang='grc' dir='ltr'>Ι).</span> <span class='ocrx_word' id='word_1_97' title='bbox 512 1800 638 1860; x_wconf 75' lang='lat' dir='ltr'>Athonis</span> <span class='ocrx_word' id='word_1_98' title='bbox 667 1803 777 1860; x_wconf 92' lang='lat' dir='ltr'>autem</span> <span class='ocrx_word' id='word_1_99' title='bbox 809 1815 884 1859; x_wconf 91' lang='lat' dir='ltr'>cum</span> <span class='ocrx_word' id='word_1_100' title='bbox 915 1801 1042 1861; x_wconf 78' lang='lat' dir='ltr'><strong>litterae</strong></span> <span class='ocrx_word' id='word_1_101' title='bbox 1070 1801 1210 1861; x_wconf 80' lang='lat' dir='ltr'>Graecae</span> <span class='ocrx_word' id='word_1_102' title='bbox 1234 1803 1303 1861; x_wconf 87' lang='lat' dir='ltr'>tarn</span> <span class='ocrx_word' id='word_1_103' title='bbox 1326 1801 1412 1860; x_wconf 90' lang='lat' dir='ltr'>laete</span> 
     </span>
     <span class='ocr_line' id='line_1_15' title="bbox 144 1901 1411 1977; baseline -0.005 -10"><span class='ocrx_word' id='word_1_104' title='bbox 144 1906 381 1967; x_wconf 82' lang='lat' dir='ltr'>efflorescerent</span> <span class='ocrx_word' id='word_1_105' title='bbox 410 1904 447 1962; x_wconf 90' lang='lat' dir='ltr'>ut</span> <span class='ocrx_word' id='word_1_106' title='bbox 476 1903 572 1961; x_wconf 90' lang='lat' dir='ltr'>natae</span> <span class='ocrx_word' id='word_1_107' title='bbox 602 1901 645 1961; x_wconf 95' lang='lat' dir='ltr'>ibi</span> <span class='ocrx_word' id='word_1_108' title='bbox 676 1916 748 1961; x_wconf 88' lang='lat' dir='ltr'>esse</span> <span class='ocrx_word' id='word_1_109' title='bbox 781 1902 975 1977; x_wconf 89' lang='lat' dir='ltr'>viderentur,</span> <span class='ocrx_word' id='word_1_110' title='bbox 1007 1903 1076 1977; x_wconf 92' lang='lat' dir='ltr'>ipse</span> <span class='ocrx_word' id='word_1_111' title='bbox 1117 1917 1242 1976; x_wconf 90' lang='lat' dir='ltr'>quoque</span> <span class='ocrx_word' id='word_1_112' title='bbox 1276 1917 1411 1977; x_wconf 85' lang='lat' dir='ltr'>poeseos</span> 
     </span>
     <span class='ocr_line' id='line_1_16' title="bbox 145 1996 1412 2083; baseline -0.005 -14"><span class='ocrx_word' id='word_1_113' title='bbox 145 2012 234 2083; x_wconf 86' lang='lat' dir='ltr'>pater</span> <span class='ocrx_word' id='word_1_114' title='bbox 264 2007 337 2067; x_wconf 89' lang='lat' dir='ltr'>inde</span> <span class='ocrx_word' id='word_1_115' title='bbox 364 2005 517 2065; x_wconf 88' lang='lat' dir='ltr'>oriundus</span> <span class='ocrx_word' id='word_1_116' title='bbox 540 2003 641 2063; x_wconf 81' lang='lat' dir='ltr'>luisse</span> <span class='ocrx_word' id='word_1_117' title='bbox 665 2003 750 2064; x_wconf 89' lang='lat' dir='ltr'>credi</span> <span class='ocrx_word' id='word_1_118' title='bbox 773 2004 878 2077; x_wconf 90' lang='lat' dir='ltr'>potuit</span> <span class='ocrx_word' id='word_1_119' title='bbox 897 1996 936 2078; x_wconf 85' lang='lat' dir='ltr'>²l;</span> <span class='ocrx_word' id='word_1_120' title='bbox 961 2003 1116 2064; x_wconf 87' lang='lat' dir='ltr'>accedunt</span> <span class='ocrx_word' id='word_1_121' title='bbox 1141 2004 1279 2077; x_wconf 75' lang='lat' dir='ltr'>vestigia</span> <span class='ocrx_word' id='word_1_122' title='bbox 1302 2004 1412 2065; x_wconf 91' lang='lat' dir='ltr'>Attica</span> 
     </span>
     <span class='ocr_line' id='line_1_17' title="bbox 144 2105 1411 2183; baseline -0.003 -13"><span class='ocrx_word' id='word_1_123' title='bbox 144 2111 176 2170; x_wconf 91' lang='lat' dir='ltr'>in</span> <span class='ocrx_word' id='word_1_124' title='bbox 198 2111 335 2183; x_wconf 90' lang='lat' dir='ltr'>utroque</span> <span class='ocrx_word' id='word_1_125' title='bbox 354 2107 497 2167; x_wconf 83' lang='lat' dir='ltr'>carmine</span> <span class='ocrx_word' id='word_1_126' title='bbox 517 2105 598 2164; x_wconf 88' lang='lat' dir='ltr'>satis</span> <span class='ocrx_word' id='word_1_127' title='bbox 610 2106 731 2181; x_wconf 87' lang='lat' dir='ltr'>crebra,</span> <span class='ocrx_word' id='word_1_128' title='bbox 750 2120 833 2178; x_wconf 91' lang='lat' dir='ltr'>quae</span> <span class='ocrx_word' id='word_1_129' title='bbox 852 2107 1078 2166; x_wconf 82' lang='lat' dir='ltr'>Aristarchum</span> <span class='ocrx_word' id='word_1_130' title='bbox 1097 2108 1131 2166; x_wconf 91' lang='lat' dir='ltr'>et</span> <span class='ocrx_word' id='word_1_131' title='bbox 1151 2108 1262 2166; x_wconf 88' lang='lat' dir='ltr'>nostro</span> <span class='ocrx_word' id='word_1_132' title='bbox 1282 2105 1411 2166; x_wconf 89' lang='lat' dir='ltr'>saeculo</span> 
     </span>
     <span class='ocr_line' id='line_1_18' title="bbox 145 2205 1412 2282; baseline -0.005 -10"><span class='ocrx_word' id='word_1_133' title='bbox 145 2211 299 2272; x_wconf 83' lang='lat' dir='ltr'>Oobetum</span> <span class='ocrx_word' id='word_1_134' title='bbox 318 2205 340 2278; x_wconf 80' lang='lat'>²)</span> <span class='ocrx_word' id='word_1_135' title='bbox 365 2209 538 2267; x_wconf 87' lang='lat' dir='ltr'>moverunt</span> <span class='ocrx_word' id='word_1_136' title='bbox 561 2209 597 2266; x_wconf 91' lang='lat' dir='ltr'>ut</span> <span class='ocrx_word' id='word_1_137' title='bbox 615 2206 795 2267; x_wconf 90' lang='lat' dir='ltr'>Homerum</span> <span class='ocrx_word' id='word_1_138' title='bbox 815 2222 929 2267; x_wconf 89' lang='lat' dir='ltr'>revera</span> <span class='ocrx_word' id='word_1_139' title='bbox 950 2208 1183 2268; x_wconf 81' lang='lat' dir='ltr'>Atheniensem</span> <span class='ocrx_word' id='word_1_140' title='bbox 1202 2208 1304 2267; x_wconf 81' lang='lat' dir='ltr'>luisse</span> <span class='ocrx_word' id='word_1_141' title='bbox 1324 2209 1412 2282; x_wconf 92' lang='lat' dir='ltr'>puta·</span> 
     </span>
     <span class='ocr_line' id='line_1_19' title="bbox 144 2304 1413 2384; baseline -0.004 -12"><span class='ocrx_word' id='word_1_142' title='bbox 144 2315 225 2373; x_wconf 89' lang='lat' dir='ltr'>rent.</span> <span class='ocrx_word' id='word_1_143' title='bbox 248 2309 424 2384; x_wconf 77' lang='lat' dir='ltr'>Colophonis</span> <span class='ocrx_word' id='word_1_144' title='bbox 443 2309 476 2368; x_wconf 92' lang='lat' dir='ltr'>in</span> <span class='ocrx_word' id='word_1_145' title='bbox 496 2308 629 2383; x_wconf 83' lang='lat' dir='ltr'>Margite</span> <span class='ocrx_word' id='word_1_146' title='bbox 649 2309 791 2369; x_wconf 89' lang='lat' dir='ltr'>carmine</span> <span class='ocrx_word' id='word_1_147' title='bbox 812 2310 934 2369; x_wconf 91' lang='lat' dir='ltr'>mentio</span> <span class='ocrx_word' id='word_1_148' title='bbox 954 2309 1052 2369; x_wconf 88' lang='lat' dir='ltr'>flebat</span> <span class='ocrx_word' id='word_1_149' title='bbox 1071 2304 1103 2378; x_wconf 75' lang='lat'>⁴).</span> <span class='ocrx_word' id='word_1_150' title='bbox 1122 2308 1260 2384; x_wconf 76' lang='lat' dir='ltr'>erodue,</span> <span class='ocrx_word' id='word_1_151' title='bbox 1276 2307 1413 2369; x_wconf 79' lang='lat' dir='ltr'>Solam-ie</span> 
     </span>
     <span class='ocr_line' id='line_1_20' title="bbox 146 2410 1416 2489; baseline -0.004 -16"><span class='ocrx_word' id='word_1_152' title='bbox 146 2412 271 2489; x_wconf 73' lang='lat' dir='ltr'>Cyprio,</span> <span class='ocrx_word' id='word_1_153' title='bbox 292 2412 394 2486; x_wconf 76' lang='lat' dir='ltr'>Arpos</span> <span class='ocrx_word' id='word_1_154' title='bbox 412 2425 557 2483; x_wconf 91' lang='lat' dir='ltr'>quaeque</span> <span class='ocrx_word' id='word_1_155' title='bbox 576 2412 743 2484; x_wconf 88' lang='lat' dir='ltr'>praeterea</span> <span class='ocrx_word' id='word_1_156' title='bbox 763 2410 814 2469; x_wconf 92' lang='lat' dir='ltr'>hic</span> <span class='ocrx_word' id='word_1_157' title='bbox 834 2411 1082 2471; x_wconf 89' lang='lat' dir='ltr'>commemorari</span> <span class='ocrx_word' id='word_1_158' title='bbox 1102 2411 1253 2483; x_wconf 90' lang='lat' dir='ltr'>poterant</span> <span class='ocrx_word' id='word_1_159' title='bbox 1264 2410 1416 2470; x_wconf 89' lang='lat' dir='ltr'>civitates</span> 
     </span>
     <span class='ocr_line' id='line_1_21' title="bbox 143 2511 1414 2585; baseline -0.004 -10"><span class='ocrx_word' id='word_1_160' title='bbox 143 2514 227 2575; x_wconf 90' lang='lat' dir='ltr'>unde</span> <span class='ocrx_word' id='word_1_161' title='bbox 261 2513 323 2573; x_wconf 87' lang='lat' dir='ltr'>sibi</span> <span class='ocrx_word' id='word_1_162' title='bbox 353 2513 531 2572; x_wconf 87' lang='lat' dir='ltr'>sumserint</span> <span class='ocrx_word' id='word_1_163' title='bbox 554 2513 590 2570; x_wconf 94' lang='lat' dir='ltr'>ut</span> <span class='ocrx_word' id='word_1_164' title='bbox 613 2512 717 2571; x_wconf 89' lang='lat' dir='ltr'>civem</span> <span class='ocrx_word' id='word_1_165' title='bbox 742 2527 838 2570; x_wconf 89' lang='lat' dir='ltr'>suum</span> <span class='ocrx_word' id='word_1_166' title='bbox 863 2511 1042 2571; x_wconf 90' lang='lat' dir='ltr'>Homerum</span> <span class='ocrx_word' id='word_1_167' title='bbox 1066 2511 1166 2571; x_wconf 85' lang='lat' dir='ltr'>fuisse</span> <span class='ocrx_word' id='word_1_168' title='bbox 1189 2511 1414 2585; x_wconf 78' lang='lat' dir='ltr'>gloriarentur,</span> 
     </span>
     <span class='ocr_line' id='line_1_22' title="bbox 142 2612 1413 2689; baseline -0.005 -13"><span class='ocrx_word' id='word_1_169' title='bbox 142 2616 301 2689; x_wconf 86' lang='lat' dir='ltr'>inquirere</span> <span class='ocrx_word' id='word_1_170' title='bbox 335 2628 398 2673; x_wconf 93' lang='lat' dir='ltr'>non</span> <span class='ocrx_word' id='word_1_171' title='bbox 433 2614 527 2671; x_wconf 88' lang='lat' dir='ltr'>vacat</span> <span class='ocrx_word' id='word_1_172' title='bbox 547 2616 579 2680; x_wconf 82' lang='lat'>⁵).</span> <span class='ocrx_word' id='word_1_173' title='bbox 604 2612 686 2671; x_wconf 89' lang='lat' dir='ltr'>Nam</span> <span class='ocrx_word' id='word_1_174' title='bbox 712 2612 817 2671; x_wconf 89' lang='lat' dir='ltr'>inanis</span> <span class='ocrx_word' id='word_1_175' title='bbox 841 2615 892 2672; x_wconf 87' lang='lat' dir='ltr'>est</span> <span class='ocrx_word' id='word_1_176' title='bbox 917 2613 995 2672; x_wconf 88' lang='lat' dir='ltr'>haec</span> <span class='ocrx_word' id='word_1_177' title='bbox 1018 2612 1175 2687; x_wconf 85' lang='lat' dir='ltr'>quaestio,</span> <span class='ocrx_word' id='word_1_178' title='bbox 1199 2612 1262 2671; x_wconf 87' lang='lat' dir='ltr'>nisi</span> <span class='ocrx_word' id='word_1_179' title='bbox 1287 2613 1413 2672; x_wconf 85' lang='lat' dir='ltr'>constet</span> 
     </span>
     <span class='ocr_line' id='line_1_23' title="bbox 143 2713 1412 2790; baseline -0.004 -12"><span class='ocrx_word' id='word_1_180' title='bbox 143 2718 321 2778; x_wconf 88' lang='lat' dir='ltr'>Homerum</span> <span class='ocrx_word' id='word_1_181' title='bbox 342 2730 455 2775; x_wconf 90' lang='lat' dir='ltr'>revera</span> <span class='ocrx_word' id='word_1_182' title='bbox 474 2713 645 2787; x_wconf 89' lang='lat' dir='ltr'>aliquando</span> <span class='ocrx_word' id='word_1_183' title='bbox 664 2715 796 2774; x_wconf 85' lang='lat' dir='ltr'>vixisse.</span> <span class='ocrx_word' id='word_1_184' title='bbox 817 2714 909 2774; x_wconf 88' lang='lat' dir='ltr'>Hanc</span> <span class='ocrx_word' id='word_1_185' title='bbox 929 2716 1040 2774; x_wconf 91' lang='lat' dir='ltr'>autem</span> <span class='ocrx_word' id='word_1_186' title='bbox 1059 2729 1140 2790; x_wconf 92' lang='lat' dir='ltr'>rem,</span> <span class='ocrx_word' id='word_1_187' title='bbox 1158 2715 1197 2775; x_wconf 90' lang='lat' dir='ltr'>de</span> <span class='ocrx_word' id='word_1_188' title='bbox 1208 2729 1273 2788; x_wconf 92' lang='lat' dir='ltr'>qua</span> <span class='ocrx_word' id='word_1_189' title='bbox 1286 2716 1412 2774; x_wconf 88' lang='lat' dir='ltr'>veteres</span> 
     </span>
     <span class='ocr_line' id='line_1_24' title="bbox 143 2815 1410 2890; baseline -0.004 -10"><span class='ocrx_word' id='word_1_190' title='bbox 143 2835 183 2880; x_wconf 89' lang='lat' dir='ltr'>ne</span> <span class='ocrx_word' id='word_1_191' title='bbox 214 2818 401 2879; x_wconf 86' lang='lat' dir='ltr'>dubitarunt</span> <span class='ocrx_word' id='word_1_192' title='bbox 431 2816 572 2890; x_wconf 89' lang='lat' dir='ltr'>quidem,</span> <span class='ocrx_word' id='word_1_193' title='bbox 596 2815 688 2875; x_wconf 89' lang='lat' dir='ltr'>hodie</span> <span class='ocrx_word' id='word_1_194' title='bbox 712 2816 785 2888; x_wconf 88' lang='lat' dir='ltr'>quis</span> <span class='ocrx_word' id='word_1_195' title='bbox 808 2816 936 2888; x_wconf 91' lang='lat' dir='ltr'>estqui</span> <span class='ocrx_word' id='word_1_196' title='bbox 960 2816 1123 2876; x_wconf 82' lang='lat' dir='ltr'>affirmare</span> <span class='ocrx_word' id='word_1_197' title='bbox 1145 2816 1233 2876; x_wconf 87' lang='lat' dir='ltr'>ausit</span> <span class='ocrx_word' id='word_1_198' title='bbox 1255 2817 1410 2889; x_wconf 89' lang='lat' dir='ltr'>tanquam</span> 
     </span>
     <span class='ocr_line' id='line_1_25' title="bbox 143 2917 1410 2995; baseline -0.004 -12"><span class='ocrx_word' id='word_1_199' title='bbox 143 2921 291 2983; x_wconf 83' lang='lat' dir='ltr'>certam?</span> <span class='ocrx_word' id='word_1_200' title='bbox 308 2918 426 2995; x_wconf 76' lang='lat' dir='ltr'>Quodsi</span> <span class='ocrx_word' id='word_1_201' title='bbox 446 2918 610 2990; x_wconf 90' lang='lat' dir='ltr'>quaeritur</span> <span class='ocrx_word' id='word_1_202' title='bbox 631 2917 790 2977; x_wconf 86' lang='lat' dir='ltr'>vixeritne</span> <span class='ocrx_word' id='word_1_203' title='bbox 811 2932 953 2990; x_wconf 92' lang='lat' dir='ltr'>unquam</span> <span class='ocrx_word' id='word_1_204' title='bbox 967 2921 1062 2992; x_wconf 90' lang='lat' dir='ltr'>poeta</span> <span class='ocrx_word' id='word_1_205' title='bbox 1073 2918 1126 2979; x_wconf 91' lang='lat' dir='ltr'>cui</span> <span class='ocrx_word' id='word_1_206' title='bbox 1138 2917 1279 2978; x_wconf 90' lang='lat' dir='ltr'>Homero</span> <span class='ocrx_word' id='word_1_207' title='bbox 1291 2933 1410 2978; x_wconf 92' lang='lat' dir='ltr'>nomen</span> 
     </span>
     <span class='ocr_line' id='line_1_26' title="bbox 143 3017 1412 3097; baseline -0.005 -14"><span class='ocrx_word' id='word_1_208' title='bbox 143 3023 249 3097; x_wconf 86' lang='lat' dir='ltr'>fuerit,</span> <span class='ocrx_word' id='word_1_209' title='bbox 273 3018 505 3093; x_wconf 87' lang='lat' dir='ltr'>respondemus</span> <span class='ocrx_word' id='word_1_210' title='bbox 524 3017 660 3077; x_wconf 87' lang='lat' dir='ltr'>libenter</span> <span class='ocrx_word' id='word_1_211' title='bbox 686 3032 745 3077; x_wconf 88' lang='lat' dir='ltr'>nos</span> <span class='ocrx_word' id='word_1_212' title='bbox 769 3018 907 3094; x_wconf 87' lang='lat' dir='ltr'>credere,</span> <span class='ocrx_word' id='word_1_213' title='bbox 932 3034 995 3079; x_wconf 94' lang='lat' dir='ltr'>non</span> <span class='ocrx_word' id='word_1_214' title='bbox 1018 3021 1129 3080; x_wconf 89' lang='lat' dir='ltr'>tamen</span> <span class='ocrx_word' id='word_1_215' title='bbox 1153 3020 1362 3094; x_wconf 78' lang='lat' dir='ltr'>repugnaturi</span> <span class='ocrx_word' id='word_1_216' title='bbox 1383 3019 1412 3078; x_wconf 90' lang='lat' dir='ltr'>si</span> 
     </span>
    </p>
   </div>
   <div class='ocr_carea' id='block_1_3' title="bbox 141 3371 1413 4610">
    <p class='ocr_par' dir='ltr' id='par_1_11' title="bbox 142 3371 1413 3669">
     <span class='ocr_line' id='line_1_27' title="bbox 178 3371 1413 3438; baseline 0 -18"><span class='ocrx_word' id='word_1_217' title='bbox 178 3371 197 3438; x_wconf 86' lang='lat'>¹)</span> <span class='ocrx_word' id='word_1_218' title='bbox 215 3376 284 3421; x_wconf 85' lang='lat' dir='ltr'>Gens</span> <span class='ocrx_word' id='word_1_219' title='bbox 309 3376 395 3420; x_wconf 83' lang='lat' dir='ltr'>sutem</span> <span class='ocrx_word' id='word_1_220' title='bbox 421 3373 547 3432; x_wconf 70' lang='lat' dir='ltr'>quaedam</span> <span class='ocrx_word' id='word_1_221' title='bbox 570 3373 695 3436; x_wconf 75' lang='grc' dir='ltr'><strong><em>Ὁμηρίδαι,</em></strong></span> <span class='ocrx_word' id='word_1_222' title='bbox 723 3386 789 3432; x_wconf 87' lang='lat' dir='ltr'>quse</span> <span class='ocrx_word' id='word_1_223' title='bbox 815 3377 874 3421; x_wconf 78' lang='lat' dir='ltr'>aute</span> <span class='ocrx_word' id='word_1_224' title='bbox 900 3374 1052 3421; x_wconf 78' lang='lat' dir='ltr'>Strabonem</span> <span class='ocrx_word' id='word_1_225' title='bbox 1078 3373 1135 3421; x_wconf 77' lang='lat' dir='ltr'>xlv</span> <span class='ocrx_word' id='word_1_226' title='bbox 1158 3387 1183 3434; x_wconf 91' lang='lat' dir='ltr'>p.</span> <span class='ocrx_word' id='word_1_227' title='bbox 1209 3375 1256 3422; x_wconf 76' lang='lat'>645</span> <span class='ocrx_word' id='word_1_228' title='bbox 1273 3375 1300 3420; x_wconf 92' lang='lat' dir='ltr'>in</span> <span class='ocrx_word' id='word_1_229' title='bbox 1319 3374 1413 3421; x_wconf 86' lang='lat' dir='ltr'>nostris</span> 
     </span>
     <span class='ocr_line' id='line_1_28' title="bbox 144 3449 1412 3513; baseline 0.002 -15"><span class='ocrx_word' id='word_1_230' title='bbox 144 3452 257 3499; x_wconf 83' lang='lat' dir='ltr'>fontibus</span> <span class='ocrx_word' id='word_1_231' title='bbox 274 3466 324 3499; x_wconf 91' lang='lat' dir='ltr'>nou</span> <span class='ocrx_word' id='word_1_232' title='bbox 342 3455 563 3512; x_wconf 75' lang='lat' dir='ltr'>commemoratur,</span> <span class='ocrx_word' id='word_1_233' title='bbox 579 3449 700 3498; x_wconf 81' lang='lat' dir='ltr'>ininsula</span> <span class='ocrx_word' id='word_1_234' title='bbox 714 3452 777 3500; x_wconf 83' lang='lat' dir='ltr'>chio</span> <span class='ocrx_word' id='word_1_235' title='bbox 796 3453 912 3510; x_wconf 72' lang='lat' dir='ltr'>extabat,</span> <span class='ocrx_word' id='word_1_236' title='bbox 937 3454 1006 3513; x_wconf 89' lang='lat' dir='ltr'>quod</span> <span class='ocrx_word' id='word_1_237' title='bbox 1024 3467 1117 3501; x_wconf 88' lang='lat' dir='ltr'>nomen</span> <span class='ocrx_word' id='word_1_238' title='bbox 1135 3458 1237 3502; x_wconf 73' lang='lat' dir='ltr'>emotus</span> <span class='ocrx_word' id='word_1_239' title='bbox 1255 3453 1288 3500; x_wconf 84' lang='lat' dir='ltr'>sb</span> <span class='ocrx_word' id='word_1_240' title='bbox 1307 3454 1412 3501; x_wconf 86' lang='lat' dir='ltr'>Homeri</span> 
     </span>
     <span class='ocr_line' id='line_1_29' title="bbox 142 3531 1412 3593; baseline 0 -16"><span class='ocrx_word' id='word_1_241' title='bbox 142 3532 244 3578; x_wconf 91' lang='lat' dir='ltr'>nomine</span> <span class='ocrx_word' id='word_1_242' title='bbox 267 3531 372 3578; x_wconf 86' lang='lat' dir='ltr'>ductum</span> <span class='ocrx_word' id='word_1_243' title='bbox 398 3531 564 3590; x_wconf 74' lang='lat' dir='ltr'>smbIgebsnt</span> <span class='ocrx_word' id='word_1_244' title='bbox 585 3533 693 3586; x_wconf 85' lang='lat' dir='ltr'>veteres,</span> <span class='ocrx_word' id='word_1_245' title='bbox 716 3531 767 3579; x_wconf 81' lang='lat' dir='ltr'>rid.</span> <span class='ocrx_word' id='word_1_246' title='bbox 791 3533 913 3593; x_wconf 84' lang='lat' dir='ltr'>Hsrpoor.</span> <span class='ocrx_word' id='word_1_247' title='bbox 932 3547 951 3579; x_wconf 92' lang='lat' dir='ltr'>s.</span> <span class='ocrx_word' id='word_1_248' title='bbox 970 3546 992 3580; x_wconf 85' lang='lat' dir='ltr'>v.</span> <span class='ocrx_word' id='word_1_249' title='bbox 1011 3558 1043 3566; x_wconf 97' lang='lat'>—</span> <span class='ocrx_word' id='word_1_250' title='bbox 1062 3531 1199 3581; x_wconf 75' lang='lat' dir='ltr'>Praeterea</span> <span class='ocrx_word' id='word_1_251' title='bbox 1216 3534 1248 3581; x_wconf 81' lang='lat' dir='ltr'>oi.</span> <span class='ocrx_word' id='word_1_252' title='bbox 1266 3533 1412 3592; x_wconf 78' lang='lat' dir='ltr'>Stephanus</span> 
     </span>
     <span class='ocr_line' id='line_1_30' title="bbox 143 3611 420 3669; baseline 0.004 -13"><span class='ocrx_word' id='word_1_253' title='bbox 143 3611 202 3669; x_wconf 81' lang='lat' dir='ltr'>Byz.</span> <span class='ocrx_word' id='word_1_254' title='bbox 220 3625 240 3657; x_wconf 82' lang='lat' dir='ltr'>e.</span> <span class='ocrx_word' id='word_1_255' title='bbox 258 3624 281 3656; x_wconf 72' lang='grc' dir='ltr'>ν.</span> <span class='ocrx_word' id='word_1_256' title='bbox 301 3615 420 3665; x_wconf 59' lang='lat' dir='ltr'>hortante.</span> 
     </span>
    </p>

    <p class='ocr_par' dir='ltr' id='par_1_12' title="bbox 143 3685 1410 3831">
     <span class='ocr_line' id='line_1_31' title="bbox 176 3685 1410 3752; baseline 0.002 -17"><span class='ocrx_word' id='word_1_257' title='bbox 176 3685 197 3752; x_wconf 77' lang='lat'>²)</span> <span class='ocrx_word' id='word_1_258' title='bbox 215 3690 348 3748; x_wconf 78' lang='lat' dir='ltr'>Smyrnam</span> <span class='ocrx_word' id='word_1_259' title='bbox 371 3694 466 3750; x_wconf 77' lang='lat' dir='ltr'>sutem,</span> <span class='ocrx_word' id='word_1_260' title='bbox 492 3690 596 3736; x_wconf 85' lang='lat' dir='ltr'>Homeri</span> <span class='ocrx_word' id='word_1_261' title='bbox 619 3691 737 3749; x_wconf 75' lang='lat' dir='ltr'>patriam,</span> <span class='ocrx_word' id='word_1_262' title='bbox 760 3691 954 3738; x_wconf 82' lang='lat' dir='ltr'>Athamensium</span> <span class='ocrx_word' id='word_1_263' title='bbox 978 3691 1103 3739; x_wconf 80' lang='lat' dir='ltr'>coloniam</span> <span class='ocrx_word' id='word_1_264' title='bbox 1121 3692 1201 3739; x_wconf 83' lang='lat' dir='ltr'>fnisse</span> <span class='ocrx_word' id='word_1_265' title='bbox 1220 3691 1339 3752; x_wconf 88' lang='lat' dir='ltr'>perhibet</span> <span class='ocrx_word' id='word_1_266' title='bbox 1357 3693 1410 3750; x_wconf 84' lang='lat' dir='ltr'>epi·</span> 
     </span>
     <span class='ocr_line' id='line_1_32' title="bbox 143 3765 668 3831; baseline 0 -17"><span class='ocrx_word' id='word_1_267' title='bbox 143 3780 257 3826; x_wconf 76' lang='lat' dir='ltr'>gramma</span> <span class='ocrx_word' id='word_1_268' title='bbox 275 3768 301 3814; x_wconf 92' lang='lat' dir='ltr'>in</span> <span class='ocrx_word' id='word_1_269' title='bbox 318 3769 481 3815; x_wconf 76' lang='lat' dir='ltr'>Pisistratum</span> <span class='ocrx_word' id='word_1_270' title='bbox 498 3765 560 3831; x_wconf 81' lang='lat' dir='ltr'>(vid.</span> <span class='ocrx_word' id='word_1_271' title='bbox 577 3767 668 3830; x_wconf 82' lang='lat' dir='ltr'>infrs):</span> 
     </span>
    </p>

    <p class='ocr_par' dir='ltr' id='par_1_13' title="bbox 490 3848 1064 3993">
     <span class='ocr_line' id='line_1_33' title="bbox 490 3848 1064 3914; baseline 0.007 -20"><span class='ocrx_word' id='word_1_272' title='bbox 490 3849 596 3912; x_wconf 63' lang='grc' dir='ltr'><strong><em>ἡμέτερος</em></strong></span> <span class='ocrx_word' id='word_1_273' title='bbox 611 3850 655 3913; x_wconf 75' lang='grc' dir='ltr'>γὰρ</span> <span class='ocrx_word' id='word_1_274' title='bbox 673 3859 745 3904; x_wconf 80' lang='grc' dir='ltr'><strong><em>κεῖνος</em></strong></span> <span class='ocrx_word' id='word_1_275' title='bbox 762 3853 774 3896; x_wconf 88' lang='grc' dir='ltr'><strong><em>ὀ</em></strong></span> <span class='ocrx_word' id='word_1_276' title='bbox 790 3854 890 3914; x_wconf 77' lang='grc' dir='ltr'><strong><em>χρύσεος</em></strong></span> <span class='ocrx_word' id='word_1_277' title='bbox 906 3848 933 3910; x_wconf 73' lang='grc' dir='ltr'>ἦν</span> <span class='ocrx_word' id='word_1_278' title='bbox 949 3853 1064 3911; x_wconf 69' lang='grc' dir='ltr'><strong><em>πολιήτης,</em></strong></span> 
     </span>
     <span class='ocr_line' id='line_1_34' title="bbox 540 3929 1041 3993; baseline 0.004 -19"><span class='ocrx_word' id='word_1_279' title='bbox 540 3929 603 3992; x_wconf 70' lang='grc' dir='ltr'><strong><em>εἴπερ</em></strong></span> <span class='ocrx_word' id='word_1_280' title='bbox 620 3931 742 3988; x_wconf 73' lang='grc' dir='ltr'><strong><em>Ἀθηναῖοι</em></strong></span> <span class='ocrx_word' id='word_1_281' title='bbox 759 3933 867 3993; x_wconf 76' lang='grc' dir='ltr'><strong><em>Σμύρναν</em></strong></span> <span class='ocrx_word' id='word_1_282' title='bbox 884 3931 1041 3993; x_wconf 63' lang='lat' dir='ltr'>tumulosum.</span> 
     </span>
    </p>

    <p class='ocr_par' dir='ltr' id='par_1_14' title="bbox 175 4002 1112 4069">
     <span class='ocr_line' id='line_1_35' title="bbox 175 4002 1112 4069; baseline 0.005 -18"><span class='ocrx_word' id='word_1_283' title='bbox 175 4002 194 4063; x_wconf 81' lang='lat'>³]</span> <span class='ocrx_word' id='word_1_284' title='bbox 213 4005 296 4051; x_wconf 75' lang='lat' dir='ltr'>Etiam</span> <span class='ocrx_word' id='word_1_285' title='bbox 315 4006 481 4064; x_wconf 79' lang='lat' dir='ltr'>Seugebusob</span> <span class='ocrx_word' id='word_1_286' title='bbox 498 4007 600 4054; x_wconf 84' lang='lat' dir='ltr'>Homer.</span> <span class='ocrx_word' id='word_1_287' title='bbox 617 4007 685 4054; x_wconf 85' lang='lat' dir='ltr'>Dias.</span> <span class='ocrx_word' id='word_1_288' title='bbox 703 4007 729 4054; x_wconf 91' lang='lat'>11</span> <span class='ocrx_word' id='word_1_289' title='bbox 746 4023 771 4069; x_wconf 89' lang='lat' dir='ltr'>p.</span> <span class='ocrx_word' id='word_1_290' title='bbox 792 4010 837 4055; x_wconf 88' lang='lat'>101</span> <span class='ocrx_word' id='word_1_291' title='bbox 857 4021 912 4068; x_wconf 89' lang='lat' dir='ltr'>sqq.</span> <span class='ocrx_word' id='word_1_292' title='bbox 931 4010 967 4055; x_wconf 81' lang='lat' dir='ltr'>its</span> <span class='ocrx_word' id='word_1_293' title='bbox 985 4010 1112 4069; x_wconf 76' lang='lat' dir='ltr'>opinatur.</span> 
     </span>
    </p>

    <p class='ocr_par' dir='ltr' id='par_1_15' title="bbox 142 4082 1409 4231">
     <span class='ocr_line' id='line_1_36' title="bbox 175 4082 1409 4149; baseline 0.003 -18"><span class='ocrx_word' id='word_1_294' title='bbox 175 4082 197 4148; x_wconf 85' lang='lat'>⁴)</span> <span class='ocrx_word' id='word_1_295' title='bbox 215 4085 365 4144; x_wconf 83' lang='lat' dir='ltr'>colophonii</span> <span class='ocrx_word' id='word_1_296' title='bbox 382 4089 468 4133; x_wconf 83' lang='lat' dir='ltr'>sutem</span> <span class='ocrx_word' id='word_1_297' title='bbox 484 4090 558 4133; x_wconf 70' lang='lat' dir='ltr'>eraut</span> <span class='ocrx_word' id='word_1_298' title='bbox 574 4088 743 4148; x_wconf 75' lang='lat' dir='ltr'>Xenophanes</span> <span class='ocrx_word' id='word_1_299' title='bbox 761 4088 905 4149; x_wconf 76' lang='lat' dir='ltr'>rhapsodus</span> <span class='ocrx_word' id='word_1_300' title='bbox 928 4090 1025 4136; x_wconf 76' lang='lat' dir='ltr'>saeculi</span> <span class='ocrx_word' id='word_1_301' title='bbox 1043 4090 1085 4137; x_wconf 76' lang='lat' dir='ltr'>Vll</span> <span class='ocrx_word' id='word_1_302' title='bbox 1106 4093 1133 4137; x_wconf 85' lang='lat' dir='ltr'>et</span> <span class='ocrx_word' id='word_1_303' title='bbox 1150 4090 1316 4138; x_wconf 76' lang='lat' dir='ltr'>Antimachus</span> <span class='ocrx_word' id='word_1_304' title='bbox 1334 4094 1409 4149; x_wconf 84' lang='lat' dir='ltr'>posta</span> 
     </span>
     <span class='ocr_line' id='line_1_37' title="bbox 142 4166 1342 4231; baseline 0.003 -20"><span class='ocrx_word' id='word_1_305' title='bbox 142 4166 231 4225; x_wconf 80' lang='lat' dir='ltr'>opicus</span> <span class='ocrx_word' id='word_1_306' title='bbox 247 4166 343 4212; x_wconf 80' lang='lat' dir='ltr'>saeculi</span> <span class='ocrx_word' id='word_1_307' title='bbox 361 4166 401 4223; x_wconf 79' lang='lat' dir='ltr'>V¹3</span> <span class='ocrx_word' id='word_1_308' title='bbox 419 4166 462 4212; x_wconf 90' lang='lat' dir='ltr'>hio</span> <span class='ocrx_word' id='word_1_309' title='bbox 479 4180 526 4226; x_wconf 91' lang='lat' dir='ltr'>pro</span> <span class='ocrx_word' id='word_1_310' title='bbox 544 4167 701 4227; x_wconf 87' lang='lat' dir='ltr'>Oolophonio</span> <span class='ocrx_word' id='word_1_311' title='bbox 719 4168 831 4215; x_wconf 87' lang='lat' dir='ltr'>habebat</span> <span class='ocrx_word' id='word_1_312' title='bbox 848 4170 997 4229; x_wconf 85' lang='lat' dir='ltr'>Homerum,</span> <span class='ocrx_word' id='word_1_313' title='bbox 1015 4171 1076 4217; x_wconf 89' lang='lat' dir='ltr'>item</span> <span class='ocrx_word' id='word_1_314' title='bbox 1094 4170 1221 4218; x_wconf 78' lang='lat' dir='ltr'>NIcsuder</span> <span class='ocrx_word' id='word_1_315' title='bbox 1238 4171 1342 4231; x_wconf 76' lang='lat' dir='ltr'>aliique.</span> 
     </span>
    </p>

    <p class='ocr_par' dir='ltr' id='par_1_16' title="bbox 141 4241 1409 4610">
     <span class='ocr_line' id='line_1_38' title="bbox 175 4241 1409 4309; baseline 0.003 -19"><span class='ocrx_word' id='word_1_316' title='bbox 175 4241 195 4307; x_wconf 65' lang='grc'>5)</span> <span class='ocrx_word' id='word_1_317' title='bbox 214 4245 311 4291; x_wconf 84' lang='lat' dir='ltr'>Indicis</span> <span class='ocrx_word' id='word_1_318' title='bbox 334 4258 365 4291; x_wconf 86' lang='lat' dir='ltr'>ex</span> <span class='ocrx_word' id='word_1_319' title='bbox 387 4247 451 4306; x_wconf 88' lang='lat' dir='ltr'>ipsis</span> <span class='ocrx_word' id='word_1_320' title='bbox 468 4247 625 4294; x_wconf 82' lang='lat' dir='ltr'>carminibus</span> <span class='ocrx_word' id='word_1_321' title='bbox 643 4249 724 4308; x_wconf 88' lang='lat' dir='ltr'>spicis</span> <span class='ocrx_word' id='word_1_322' title='bbox 743 4249 824 4307; x_wconf 83' lang='lat' dir='ltr'>petits</span> <span class='ocrx_word' id='word_1_323' title='bbox 841 4253 998 4309; x_wconf 87' lang='lat' dir='ltr'>pepererunt</span> <span class='ocrx_word' id='word_1_324' title='bbox 1017 4250 1164 4309; x_wconf 76' lang='lat' dir='ltr'>plerasque,</span> <span class='ocrx_word' id='word_1_325' title='bbox 1182 4250 1293 4298; x_wconf 72' lang='lat' dir='ltr'>fortusse</span> <span class='ocrx_word' id='word_1_326' title='bbox 1310 4261 1409 4303; x_wconf 86' lang='lat' dir='ltr'>omnes,</span> 
     </span>
     <span class='ocr_line' id='line_1_39' title="bbox 142 4323 1407 4389; baseline 0.005 -20"><span class='ocrx_word' id='word_1_327' title='bbox 142 4336 208 4382; x_wconf 82' lang='lat' dir='ltr'>quse</span> <span class='ocrx_word' id='word_1_328' title='bbox 235 4323 266 4370; x_wconf 89' lang='lat' dir='ltr'>de</span> <span class='ocrx_word' id='word_1_329' title='bbox 292 4325 395 4370; x_wconf 90' lang='lat' dir='ltr'>Homeri</span> <span class='ocrx_word' id='word_1_330' title='bbox 421 4326 518 4384; x_wconf 79' lang='lat' dir='ltr'>origine</span> <span class='ocrx_word' id='word_1_331' title='bbox 544 4326 658 4386; x_wconf 75' lang='lat' dir='ltr'>prolatae</span> <span class='ocrx_word' id='word_1_332' title='bbox 683 4329 750 4384; x_wconf 86' lang='lat' dir='ltr'>sunt,</span> <span class='ocrx_word' id='word_1_333' title='bbox 774 4327 914 4387; x_wconf 83' lang='lat' dir='ltr'>opiniones.</span> <span class='ocrx_word' id='word_1_334' title='bbox 939 4328 1006 4374; x_wconf 79' lang='lat' dir='ltr'>Fuso</span> <span class='ocrx_word' id='word_1_335' title='bbox 1027 4329 1076 4375; x_wconf 86' lang='lat' dir='ltr'>hae</span> <span class='ocrx_word' id='word_1_336' title='bbox 1100 4328 1132 4375; x_wconf 87' lang='lat' dir='ltr'>de</span> <span class='ocrx_word' id='word_1_337' title='bbox 1155 4343 1183 4377; x_wconf 84' lang='lat' dir='ltr'>re</span> <span class='ocrx_word' id='word_1_338' title='bbox 1206 4329 1314 4389; x_wconf 75' lang='lat' dir='ltr'>egerunt</span> <span class='ocrx_word' id='word_1_339' title='bbox 1330 4327 1358 4373; x_wconf 85' lang='lat' dir='ltr'>F.</span> <span class='ocrx_word' id='word_1_340' title='bbox 1377 4328 1407 4375; x_wconf 84' lang='lat' dir='ltr'>G.</span> 
     </span>
     <span class='ocr_line' id='line_1_40' title="bbox 142 4402 1408 4466; baseline 0.004 -18"><span class='ocrx_word' id='word_1_341' title='bbox 142 4403 256 4450; x_wconf 80' lang='lat' dir='ltr'>Weleher</span> <span class='ocrx_word' id='word_1_342' title='bbox 277 4402 322 4450; x_wconf 86' lang='lat' dir='ltr'>der</span> <span class='ocrx_word' id='word_1_343' title='bbox 344 4404 448 4464; x_wconf 80' lang='lat' dir='ltr'>episehe</span> <span class='ocrx_word' id='word_1_344' title='bbox 471 4405 564 4464; x_wconf 80' lang='lat' dir='ltr'>Cyclus</span> <span class='ocrx_word' id='word_1_345' title='bbox 579 4419 604 4465; x_wconf 91' lang='lat' dir='ltr'>p.</span> <span class='ocrx_word' id='word_1_346' title='bbox 622 4408 741 4466; x_wconf 79' lang='lat'>141-198,</span> <span class='ocrx_word' id='word_1_347' title='bbox 764 4406 931 4465; x_wconf 77' lang='lat' dir='ltr'>Sengebusch</span> <span class='ocrx_word' id='word_1_348' title='bbox 952 4407 1026 4454; x_wconf 94' lang='lat' dir='ltr'>Hom.</span> <span class='ocrx_word' id='word_1_349' title='bbox 1044 4408 1111 4455; x_wconf 89' lang='lat' dir='ltr'>Diss.</span> <span class='ocrx_word' id='word_1_350' title='bbox 1137 4409 1171 4455; x_wconf 87' lang='lat'>11.</span> <span class='ocrx_word' id='word_1_351' title='bbox 1189 4409 1282 4456; x_wconf 80' lang='lat' dir='ltr'>Notstu</span> <span class='ocrx_word' id='word_1_352' title='bbox 1301 4406 1408 4465; x_wconf 78' lang='lat' dir='ltr'>dignum</span> 
     </span>
     <span class='ocr_line' id='line_1_41' title="bbox 143 4481 1407 4547; baseline 0.006 -21"><span class='ocrx_word' id='word_1_353' title='bbox 143 4484 182 4527; x_wconf 86' lang='lat' dir='ltr'>est</span> <span class='ocrx_word' id='word_1_354' title='bbox 198 4481 287 4542; x_wconf 78' lang='lat' dir='ltr'>Mileti,</span> <span class='ocrx_word' id='word_1_355' title='bbox 305 4495 356 4540; x_wconf 82' lang='lat' dir='ltr'>qus</span> <span class='ocrx_word' id='word_1_356' title='bbox 373 4482 444 4528; x_wconf 77' lang='lat' dir='ltr'>nulls</span> <span class='ocrx_word' id='word_1_357' title='bbox 461 4483 553 4530; x_wconf 85' lang='lat' dir='ltr'>clarior</span> <span class='ocrx_word' id='word_1_358' title='bbox 571 4484 707 4543; x_wconf 75' lang='lat' dir='ltr'>aliquando</span> <span class='ocrx_word' id='word_1_359' title='bbox 726 4485 775 4531; x_wconf 84' lang='lat' dir='ltr'>suit</span> <span class='ocrx_word' id='word_1_360' title='bbox 793 4487 883 4533; x_wconf 72' lang='lat' dir='ltr'>civitas</span> <span class='ocrx_word' id='word_1_361' title='bbox 901 4487 1006 4547; x_wconf 81' lang='lat' dir='ltr'>Grsees,</span> <span class='ocrx_word' id='word_1_362' title='bbox 1029 4489 1112 4535; x_wconf 83' lang='lat' dir='ltr'>civem</span> <span class='ocrx_word' id='word_1_363' title='bbox 1134 4502 1149 4534; x_wconf 87' lang='lat' dir='ltr'>s</span> <span class='ocrx_word' id='word_1_364' title='bbox 1168 4488 1270 4535; x_wconf 85' lang='lat' dir='ltr'>nemine</span> <span class='ocrx_word' id='word_1_365' title='bbox 1288 4490 1407 4534; x_wconf 75' lang='lat' dir='ltr'>vocatum</span> 
     </span>
     <span class='ocr_line' id='line_1_42' title="bbox 141 4562 362 4610; baseline 0 -3"><span class='ocrx_word' id='word_1_366' title='bbox 141 4574 198 4607; x_wconf 87' lang='lat' dir='ltr'>esse</span> <span class='ocrx_word' id='word_1_367' title='bbox 215 4562 362 4610; x_wconf 88' lang='lat' dir='ltr'>Homerum.</span> 
     </span>
    </p>
   </div>
   <div class='ocr_carea' id='block_1_4' title="bbox 0 0 1564 5124">
    <p class='ocr_par' dir='ltr' id='par_1_17' title="bbox 0 0 1564 5124">
     <span class='ocr_line' id='line_1_43' title="bbox 0 0 1564 5124; baseline 0 1"><span class='ocrx_word' id='word_1_368' title='bbox 0 0 1564 5124; x_wconf 95' lang='lat' dir='ltr'> </span> 
     </span>
    </p>
   </div>
  </div>
 </body>
</html>
