3120 5124
151 450 201 519 tel
721 451 758 508 51

183 638 345 712 itaquae
366 638 511 697 eiusdem
539 639 616 696 sunt
639 637 770 711 farinae,
792 653 854 696 non
875 637 967 697 nobis
987 639 1172 711 corrigenda
1184 639 1383 712 reliquerunt

153 740 225 799 tritici
252 740 459 799 Alexandrini
492 740 548 800 sed
579 740 641 814 ipsi
672 740 895 799 emendarunt.
929 740 980 799 Sic
1012 740 1193 801 Zenodotus
1215 757 1383 816 perperam

154 841 289 915 scripserat
316 833 403 900 ὧλλοι
428 843 452 899 Β
477 844 492 901 1
518 843 547 899 K
574 844 601 917 1,
634 838 767 916 ἔμωυτόν
792 845 820 899 Α
845 843 919 916 271,
949 839 1062 916 ἑωυτήν
1088 844 1208 918 Pher,
1240 844 1384 904 hodierni

155 957 208 1001 lero
224 943 340 1003 codices
366 944 520 1004 exhibent
542 939 635 1018 ditor,
660 937 699 1017 ἔμ’
727 941 829 1018 αὐτόν,
855 940 868 1001 ἓ
892 941 987 1019 αὐτήν
1011 944 1082 1017 (leg.
1108 967 1159 1019 μιν
1183 942 1276 1021 αὐτήν
1285 948 1322 1015 1).
1347 948 1384 1006 In

156 1046 240 1104 1636
261 1046 337 1105 olim
362 1045 448 1104 male
472 1043 557 1116 ἄλλος
590 1045 772 1105 scribebant
800 1045 931 1117 qnidam
955 1060 1012 1119 pro
1034 1041 1129 1115 ἄλλος.
1155 1046 1274 1106 Utrum
1298 1063 1384 1122 prae·

156 1146 229 1204 steret
246 1143 361 1205 κάκεῖθι
393 1149 422 1203 Γ
442 1147 516 1222 402,
548 1143 663 1205 κάκεῖσε
687 1169 705 1203 α
731 1148 805 1222 260,
838 1143 978 1205 κάκεῖθεν
1005 1147 1033 1204 Φ
1056 1147 1109 1222 62,
1132 1143 1269 1219 κάκεῖνος
1294 1149 1319 1206 Ο
1343 1150 1385 1209 45

156 1245 198 1304 eit.
222 1247 288 1308 Hes.
321 1248 414 1322 Oper.
444 1249 518 1321 295,
551 1263 592 1307 an
623 1244 673 1306 not
702 1252 793 1323 κεῖθι,
823 1245 873 1307 καὶ
895 1251 982 1323 κεῖσε,
1004 1243 1054 1306 καὶ
1076 1252 1186 1324 κεῖθεν,
1208 1247 1258 1308 καὶ
1281 1254 1388 1323 κεῖνος,

157 1346 211 1405 elin
234 1349 461 1424 ambigebatur,
493 1349 648 1421 hodieque
679 1349 712 1408 in
744 1350 908 1424 mseriptis
932 1352 1106 1423 utrumque
1130 1352 1304 1426 reperitur;
1329 1354 1386 1413 sed

157 1448 326 1510 Aristarchus
357 1466 470 1510 verum
501 1451 674 1510 indicavit:
711 1459 763 1532 ,τῇ
796 1448 950 1521 ἐκεῖνος
983 1450 1019 1510 οὐ
1047 1459 1150 1529 χρῆται
1174 1449 1189 1511 ὁ
1211 1452 1336 1531 ποιητὴς
1363 1453 1390 1513 εἰ

157 1547 184 1623 li
206 1548 369 1635 ἀναγκασθῇ
400 1549 459 1610 ὑπὸ
491 1549 618 1629 μέτρου”
645 1556 677 1625 ¹),
710 1567 791 1624 quae
823 1555 900 1612 sunt
931 1554 1029 1613 verba
1051 1553 1180 1627 Didymi
1204 1555 1244 1615 ad
1268 1579 1286 1613 α
1312 1559 1384 1617 lrr.

157 1649 182 1708 ln
204 1654 349 1714 codicibus
380 1669 443 1714 non
478 1651 516 1728 δὴ
548 1651 645 1712 ἔπειτα
680 1654 704 1711 1)
738 1657 799 1714 163
832 1657 891 1715 eto.
924 1656 1020 1716 scribi
1047 1656 1130 1715 solet
1164 1657 1221 1716 sed
1254 1653 1387 1733 δῆπειτα,

157 1765 215 1822 quae
232 1757 310 1816 sitne
334 1756 437 1816 erasis
461 1757 605 1816 vocanda
627 1772 669 1816 an
693 1758 878 1830 aphaeresis
901 1758 1079 1830 incertum;
1103 1759 1160 1818 sed
1183 1758 1273 1818 nulla
1292 1760 1386 1820 inter-

157 1855 216 1914 cedit
239 1873 333 1917 causa
361 1860 534 1930 quominus
558 1857 594 1934 δὴ
619 1857 716 1917 ἔπειτα
740 1857 866 1934 (wig)
898 1861 1098 1919 restituatur.
1123 1860 1214 1919 Idem
1238 1860 1326 1920 valet
1349 1863 1388 1921 de

157 1950 210 2038 τήμῇ
233 1961 341 2035 rtet,
372 1960 428 2018 ubi
458 1969 493 2042 τῇ
524 1957 703 2042 341qu.)
734 1963 785 2021 est
807 1962 1023 2037 scribendum,
1048 1963 1110 2020 nisi
1134 1963 1207 2033 quis
1229 1963 1389 2036 praeferat

157 2063 181 2136 'i
195 2051 236 2141 ’μῇ
256 2077 329 2121 eum
352 2061 566 2135 aphaereseos
585 2064 686 2139 signo,
711 2063 750 2123 cf.
775 2064 793 2132 ἓ
819 2064 869 2122 14.

188 2158 347 2222 Particulae
379 2158 417 2238 ἤν
448 2165 481 2222 et
508 2160 592 2238 ἐπήν,
616 2178 697 2236 quae
721 2180 762 2224 ex
785 2163 812 2222 εἰ
826 2173 862 2230 -1-
877 2160 915 2221 ἅν
939 2167 971 2225 et
994 2161 1058 2223 ἐπεί
1071 2172 1108 2230 -1-
1123 2160 1161 2222 dv
1183 2168 1260 2224 sunt
1282 2168 1388 2241 natae,

158 2256 217 2319 inter
236 2279 359 2323 craseos
384 2264 533 2337 exempla
557 2266 664 2326 sintne
685 2266 870 2325 referendae
893 2281 1004 2341 necne,
1028 2266 1167 2325 dubitari
1190 2269 1306 2342 potest,
1330 2268 1390 2327 hoc

159 2364 250 2423 renum
272 2367 331 2441 est,
356 2380 420 2425 non
444 2365 628 2426 tolerandas
651 2383 723 2427 esse
746 2369 779 2427 in
804 2369 898 2427 textu
920 2367 1102 2443 Homerico,
1128 2367 1166 2427 cf.
1192 2368 1209 2436 s
1233 2369 1307 2428 3211.

188 2463 265 2526 Nulla
283 2470 333 2527 eet
352 2466 422 2526 sive
442 2468 543 2526 orasis
564 2468 633 2528 sive
653 2470 829 2528 contractio
850 2469 881 2527 in
903 2469 1090 2542 pronomine
1111 2466 1186 2526 doto
1200 2473 1228 2526 A
1241 2471 1305 2529 554
1318 2472 1390 2544 etc,

161 2566 219 2633 quod
247 2583 284 2626 ex
317 2565 398 2625 δι’-πα
432 2570 559 2644 prodiit,
595 2569 657 2630 vid.
691 2571 708 2638 ἓ
735 2571 807 2630 102.
839 2570 950 2643 Neque
981 2571 1086 2630 orasin
1117 2585 1288 2645 perpessae
1315 2575 1392 2632 sunt

160 2661 251 2728 fornae
279 2669 456 2747 προύπεμψε
486 2669 665 2747 προύτυψαν
697 2672 852 2745 aliaeque,
884 2672 917 2731 in
949 2672 1065 2743 quibus
1095 2673 1287 2746 praepositio
1317 2690 1391 2733 cum

162 2773 299 2838 numento
328 2772 483 2845 syllabico
515 2774 698 2847 consuevit;
724 2774 833 2833 minus
856 2775 942 2833 recte
966 2773 1046 2842 talia
1070 2773 1291 2834 scribebantur
1315 2775 1392 2835 olim

162 2879 214 2927 cun
237 2874 387 2947 coronide,
419 2889 548 2934 craseos
578 2876 681 2949 signo,
712 2870 890 2952 προῦπεμψε
915 2877 986 2947 eto,
1023 2889 1100 2933 nam
1124 2890 1215 2934 mera
1239 2877 1317 2936 haee
1342 2879 1393 2936 est

163 2973 318 3049 autentim
351 2976 384 3035 in
416 2976 557 3037 Homero
587 2980 698 3037 autem
726 2991 790 3036 non
814 2977 980 3036 ferendam
1005 2990 1077 3035 esse
1100 2976 1183 3036 hane
1207 2979 1393 3038 contractio-

163 3081 216 3130 nem
240 3077 291 3136 sed
317 3073 487 3154 προέπεμψε
511 3081 573 3138 etc.
598 3094 670 3138 esse
694 3079 909 3152 scribendum,
934 3078 1076 3137 ostendit
1100 3078 1248 3152 PKnight
1271 3080 1393 3153 Proleg.

164 3175 259 3240 11111.
282 3179 341 3252 Qui
364 3180 454 3238 solus
477 3182 634 3254 repugnat
657 3181 746 3240 locus
770 3202 792 3238 ω
817 3180 891 3252 aed,
917 3180 1163 3239 recentissimus
1186 3183 1246 3241 est.

193 3274 353 3340 Particulae
385 3296 460 3340 vero
491 3284 622 3341 centum
655 3282 734 3342 loeis
764 3282 877 3341 obviae
908 3279 1017 3339 οὕνεκα
1049 3283 1082 3340 et
1113 3281 1239 3340 τούνεκα
1271 3300 1312 3343 ex
1335 3283 1395 3342 Ho-

163 3378 262 3439 mericis
283 3383 382 3441 eximi
405 3386 584 3457 nequeunt;
618 3385 673 3443 sed
697 3400 737 3442 ex
762 3375 798 3442 οὗ
823 3386 855 3443 et
879 3389 930 3441 τοῦ
947 3378 1084 3448 -1-ἕνεκα
1107 3398 1163 3442 eas
1187 3399 1259 3444 esse
1283 3386 1396 3444 cunila·

162 3477 206 3551 tes,
234 3485 266 3542 ut
298 3485 400 3543 statui
430 3485 522 3557 solet,
549 3486 616 3545 veri
640 3485 898 3544 dissimillimum
922 3485 1081 3559 ducimus,
1107 3500 1181 3544 cum
1205 3486 1397 3559 praesertim

161 3578 189 3636 11
216 3599 320 3645 earum*
352 3586 509 3657 originem
546 3586 761 3659 indagandam
792 3587 831 3645 ab
864 3587 952 3659 epica
979 3586 1083 3645 forma
1106 3583 1203 3643 εἵνεκα
1227 3588 1255 3655 (s
1279 3587 1331 3656 38)
1355 3587 1399 3646 sit

159 3682 413 3761 proficiscendum
439 3703 577 3760 quaeum
603 3688 818 3761 diphthongus
836 3709 872 3746 ου
893 3688 1072 3747 coalescere
1093 3689 1251 3759 quomodo
1270 3688 1398 3762 potuit?

158 3781 346 3858 etquenam
370 3791 441 3863 ipsa
463 3790 638 3863 particulae
663 3791 809 3849 biformis
833 3785 1052 3848 εἵνεκα-ἕνεκα
1077 3790 1185 3849 latitat
1208 3791 1306 3863 origo,
1331 3805 1397 3848 sus·

154 3886 236 3957 picari
263 3890 336 3950 licet
367 3890 432 3951 alia
461 3892 594 3964 ratione,
619 3907 700 3964 qnae
724 3892 862 3951 fortasse
887 3891 1058 3963 aliqnando
1086 3891 1298 3964 indagabitur,
1323 3893 1400 3949 nata

153 4001 214 4047 esse
244 3991 347 4050 οὕνεκα
382 3995 415 4052 et
449 3992 574 4050 τούνεκα
598 3985 637 4066 ²l;
670 3995 747 4052 nota
783 3995 893 4052 autem
925 4009 977 4052 res
1008 3993 1114 4052 estin
1140 3993 1401 4065 inscriptionibus

150 4175 352 4186 mk.—

177 4295 183 4326 ¹
188 4309 195 4353 1
211 4299 317 4345 Homero
335 4301 438 4346 omnino
454 4299 639 4345 abiudicandns
657 4314 713 4346 ease
733 4301 828 4345 iorrnns
846 4300 878 4344 ab
895 4303 950 4345 ἐκει-
969 4299 1096 4346 ordientes
1115 4300 1139 4344 in
1159 4300 1171 4356 ξ
1187 4301 1218 4345 98
1234 4300 1384 4346 videbimus.

175 4374 195 4441 ²)
219 4379 336 4425 Exiitisse
361 4380 422 4427 olim
446 4380 589 4439 particulae
612 4382 686 4425 εἵνεκα
710 4380 818 4425 forulum
843 4380 949 4425 alteram
973 4369 1050 4424 ifex«
1074 4378 1131 4424 aliis
1149 4378 1291 4425 rationibus
1309 4379 1403 4425 duetus

142 4459 247 4520 probaro
268 4459 365 4506 studuit
387 4460 497 4506 Schulze
522 4461 625 4514 Quaest.
643 4459 714 4518 Epio.
734 4473 758 4518 p.
777 4461 901 4512 tet-5003
926 4472 1002 4516 quam
1027 4462 1112 4504 tamen
1133 4458 1328 4504 incertissimam
1347 4472 1403 4504 esse

139 4541 308 4587 coniecturam
326 4566 354 4572 -
373 4553 457 4599 neque
484 4539 553 4584 enim
578 4537 610 4584 de
634 4539 718 4596 priore
742 4538 847 4583 voculae
871 4536 1199 4596 partoneqnedeeuiflxi
1218 4530 1403 4600 1111111011-

138 4623 204 4666 stote
220 4623 297 4679 atque
314 4621 410 4679 origine
429 4619 572 4678 quidquam
590 4615 748 4676 exploratum
767 4641 799 4649 -
816 4617 884 4663 nitro
902 4617 1034 4663 confessus
1052 4620 1092 4662 est
1109 4617 1172 4675 ipse.
