3120 5124
780 436 819 498 18
1358 439 1387 510 [ἓ
1412 441 1433 501 3

159 629 229 692 titis
263 645 326 690 non
358 625 502 702 primam
536 625 717 699 tertiamque
752 641 843 686 arses
878 627 935 687 sed
978 628 1149 687 ecmuoom
1183 628 1307 688 maiore
1342 628 1434 688 vocis

158 732 337 793 intentione
361 745 434 791 esse
457 728 680 803 proferendam
709 730 738 799 ¹).

102 964 107 975 ’
203 949 281 1010 Post
309 947 451 1023 petorem
484 944 638 1020 eqttotom
670 944 789 1004 breuem
818 946 907 1020 prou
941 949 1047 1021 quarti
1080 948 1150 1008 eive
1179 951 1249 1023 poet
1279 949 1433 1021 quartum

156 1054 333 1115 trochaeum
374 1050 487 1122 poetae
522 1047 635 1107 Graeci
669 1049 877 1108 hexametros
912 1049 1051 1110 incidere
1086 1048 1268 1125 noluerunt,
1308 1049 1431 1109 nedum

156 1159 261 1231 ipsam
296 1149 495 1212 sententiam
527 1148 584 1207 illa
617 1163 733 1208 versus
767 1149 843 1209 sede
880 1165 1022 1224 unquam
1058 1151 1274 1212 terminarint.
1307 1150 1432 1225 Quibus

156 1258 267 1318 autem
302 1253 335 1312 in
369 1250 517 1310 versibus
551 1250 631 1310 haec
666 1264 800 1310 caesura
831 1252 997 1328 reperitur,
1029 1255 1086 1313 aut
1110 1254 1216 1314 certas
1237 1252 1277 1313 ob
1300 1266 1430 1326 causas,

155 1372 237 1432 quas
259 1354 409 1415 accurate
434 1366 512 1411 mox
534 1350 758 1426 indicabimus
783 1355 968 1429 excusatur,
993 1357 1050 1414 aut
1074 1355 1173 1416 errori
1190 1354 1334 1429 debetur,
1358 1353 1430 1414 sive

156 1461 184 1519 is
215 1472 303 1518 error
332 1452 429 1514 tuerit
460 1453 603 1526 ipsorum
634 1454 813 1528 poetarum,
845 1455 962 1527 quibus
993 1457 1071 1516 mali
1094 1471 1219 1530 quoque
1243 1455 1428 1516 hexametri

154 1560 267 1621 invitis
289 1556 439 1632 poteraut
460 1555 617 1629 excidere,
640 1555 710 1614 eive
733 1555 827 1628 culpa
850 1557 1051 1630 posteritatis
1078 1558 1111 1618 in
1143 1573 1256 1619 eorum
1281 1557 1429 1618 carmina

154 1660 334 1735 irrepserit3
367 1656 406 1717 cf.
432 1671 494 1716 van
513 1656 672 1717 Leeuwen
691 1655 891 1731 Mnemosyn.
917 1659 1001 1718 1890
1025 1675 1054 1734 p.
1078 1661 1264 1721 aee-276.
1286 1659 1428 1720 Romani

154 1777 229 1822 vero
249 1763 362 1835 poetae
385 1759 418 1818 iu
441 1773 518 1818 suos
540 1759 750 1818 hexametros
772 1759 895 1831 passim
916 1760 998 1821 hanc
1019 1776 1189 1823 caesuram
1212 1761 1427 1823 admiserunt.

197 1862 314 1922 Incisio
332 1863 454 1936 autem,
478 1862 515 1921 ut
537 1876 634 1936 supra
657 1860 810 1936 diximus
834 1861 924 1922 nulla
946 1865 1093 1924 estante
1114 1863 1280 1924 encliticas
1301 1863 1427 1923 aliasve

154 1964 285 2026 voculas
309 1978 390 2035 quae
417 1963 598 2024 sententiae
617 1962 709 2022 initio
729 1961 876 2022 collocari
895 1966 1075 2039 nequeunt;
1097 1965 1207 2040 itaque
1226 1964 1349 2040 optime
1373 1964 1427 2024 ha·

152 2068 207 2125 bet
193 2067 373 2125 tmetrum
397 2064 540 2125 locorum
565 2062 677 2137 quales
700 2062 733 2120 hi
758 2065 851 2123 sunt:

242 2163 313 2227 οὐδέ
335 2170 411 2226 ποθι
433 2163 525 2242 νέφος
547 2163 614 2225 ἐστί
634 2161 718 2241 τέρας
747 2162 786 2223 νύ
784 2185 871 2268 τεῳ
891 2164 957 2225 τόδε
980 2165 1105 2242 φαίνεις.
1129 2192 1148 2228 υ
1175 2170 1247 2228 114.

241 2273 314 2358 αἷμα
338 2277 428 2358 μέλαν
448 2274 604 2357 ’κελάρυζε
628 2276 698 2348 νόος
691 2299 801 2383 Ὴγε
793 2275 847 2355 μέν
870 2271 1037 2357 ἔμπεδος
1018 2300 1080 2358 ηεν.
1127 2285 1159 2339 A
1182 2281 1257 2341 813.

242 2393 434 2474 δακρυόεντες
451 2391 562 2471 ἔχυντο
578 2386 699 2469 ’δόκησε
736 2386 765 2452 δ’
800 2389 858 2471 τέρα
881 2389 966 2469 roret
988 2392 1096 2470 θυμός.
1128 2416 1146 2452 κ
1171 2395 1210 2454 41
1216 2396 1235 2454 ὅ

942 2507 1033 2577 (item
1055 2530 1072 2585 χ
1096 2508 1157 2567 501
1184 2509 1215 2568 h.
1241 2505 1309 2567 Ger.
1335 2507 1425 2575 453).

152 2610 196 2671 Cf.
229 2614 258 2668 A
290 2611 364 2685 236,
390 2610 463 2682 237,
489 2608 563 2682 280,
587 2610 662 2685 354,
687 2612 762 2687 416,
786 2611 850 2669 452
876 2610 948 2684 eta,
971 2624 1052 2681 quos
1075 2609 1163 2670 locos
1194 2607 1307 2669 attulit
1334 2607 1423 2668 Hoff-

150 2727 249 2771 mann
274 2711 403 2786 Quaest.
428 2710 523 2769 Hom.
547 2710 562 2769 1
585 2726 615 2784 p.
641 2712 660 2769 4
684 2714 718 2773 et
744 2714 775 2772 6.

193 2813 303 2886 Neque
325 2814 399 2886 post
421 2811 653 2889 monosyllaba,
677 2829 760 2887 quae
780 2814 819 2874 ad
840 2813 1010 2886 sequentia
1029 2814 1211 2888 trahuntur,
1232 2813 1284 2872 est
1304 2825 1424 2871 versus

149 2915 278 2990 incisio;
311 2916 390 2975 haee
420 2914 519 2987 igitur
545 2915 615 2975 sine
639 2916 717 2976 vitio
741 2919 814 2990 post
840 2916 948 2989 quarti
971 2915 1061 2989 pedis
1085 2914 1173 2974 arsin
1198 2913 1335 2988 possunt
1359 2910 1422 2972 col·

149 3015 263 3091 locam
300 3016 362 3076 vid.
398 3016 564 3076 Hermann
599 3016 724 3091 Orphic.
749 3033 778 3091 p.
805 3019 879 3092 693,
913 3017 1060 3090 Spitzner
1091 3017 1130 3077 de
1161 3031 1257 3075 versu
1282 3014 1422 3075 Heroieo

149 3134 178 3193 p.
205 3119 256 3193 11,
281 3118 455 3178 Hoffmann
486 3117 616 3192 Quaest.
640 3119 736 3179 Hom.
761 3120 776 3178 Ι
799 3135 829 3194 p.
855 3120 907 3178 25.
933 3118 1076 3193 Quarum
1103 3132 1220 3178 vocum
1243 3115 1338 3189 louge
1361 3115 1421 3176 tre·

148 3220 363 3292 quentissima
395 3218 456 3277 hac
490 3218 565 3278 sede
599 3219 782 3279 hexametri
813 3222 864 3279 est
895 3219 1076 3279 coniunctio
1108 3216 1160 3277 καί
1189 3217 1263 3292 plus
1286 3217 1420 3277 centum

34 3342 47 3379 e
149 3321 229 3380 locis
252 3319 356 3395 obvia,
381 3335 408 3379 e.
432 3335 481 3392 g.:

236 3417 287 3480 aul
306 3417 427 3479 έοέετκέα
450 3419 551 3498 πήρην
575 3443 593 3479 ν
617 3423 680 3481 437
706 3421 756 3490 (ef.
782 3421 800 3479 d
824 3423 888 3482 694
912 3442 934 3478 ττ
960 3423 1021 3480 199
1046 3443 1069 3480 ω
1094 3422 1179 3487 250).

236 3518 287 3580 καλ
309 3519 464 3598 ἐπήλυθον
488 3512 603 3600 ὧραιβ
630 3524 691 3582 107
714 3525 729 3580 λ
755 3523 818 3582 295
843 3524 857 3594 ξ
879 3523 975 3581 294τ
997 3525 1058 3582 152
1084 3544 1107 3581 ω
1134 3522 1206 3596 142,
1231 3520 1272 3581 cf.
1296 3541 1313 3597 ρ
1342 3522 1417 3582 170.

181 3802 199 3868 ¹)
217 3805 290 3862 Quod
315 3805 438 3852 Lshrains
463 3804 479 3850 l.
498 3805 514 3850 l.
533 3817 558 3863 p.
577 3805 625 3850 409
644 3817 681 3863 sq.
709 3804 848 3860 contendit,
871 3818 960 3852 omnes
982 3806 1145 3852 hexametros
1168 3805 1263 3851 habers
1282 3817 1418 3852 caesuram

146 3885 171 3930 in
197 3885 263 3945 pede
289 3886 373 3944 tertio,
400 3883 501 3931 etiamsi
525 3883 550 3928 in
577 3881 690 3929 medium
712 3882 867 3930 vocabulum
890 3884 954 3931 haee
972 3883 1077 3944 ineidat,
1100 3886 1127 3932 et
1143 3897 1181 3931 ax.
1198 3897 1235 3943 gr.
1254 3884 1280 3930 in
1297 3882 1418 3931 versibus

145 3965 222 4011 modo
239 3966 325 4012 allatis
341 3967 400 4024 poet
415 3965 444 4011 ’l-
462 3965 489 4009 et
505 3962 591 4009 ὄπιθιν
607 3962 677 4008 vecie
694 3962 868 4010 modulatione
887 3963 1001 4010 cohiberi
1018 3964 1162 4011 hexametri
1184 3961 1331 4022 desursum,
1351 3963 1416 4010 alte·

145 4057 199 4090 ram
225 4044 304 4102 igitur
328 4055 448 4090 versuum
472 4045 571 4102 partem
590 4042 668 4088 ordiri
686 4055 701 4088 a
719 4042 826 4099 syllabis
849 4044 968 4101 -δομινιὺς
986 4046 1012 4090 et
1029 4044 1061 4097 et,
1078 4043 1105 4089 id
1122 4042 1259 4090 infeliciter
1276 4041 1416 4089 admodum

145 4123 235 4169 statuit
254 4124 293 4169 vir
316 4123 432 4176 eximius,
451 4122 492 4168 eni
509 4123 564 4168 iure
582 4120 719 4168 oblocutus
736 4124 776 4168 est
793 4121 880 4169 Christ
898 4117 1004 4169 Moerim
1023 4136 1048 4182 p.
1068 4124 1123 4169 169.
1144 4123 1208 4169 Nam
1230 4135 1271 4169 res
1289 4123 1348 4183 ipsa
1366 4123 1419 4173 tart

146 4204 175 4247 ut
199 4203 299 4249 nonnisi
325 4204 384 4262 post
410 4202 537 4260 integrum
560 4200 723 4258 vocabulum,
747 4200 826 4260 idque
851 4215 909 4248 cum
928 4203 1044 4262 proxime
1061 4203 1180 4261 sequenti
1197 4215 1247 4248 uon
1264 4202 1343 4248 nimis
1360 4204 1417 4250 arte

145 4281 317 4337 coniunctum,
339 4284 384 4327 aut
406 4294 496 4328 versus
520 4282 601 4341 possit
617 4281 695 4327 incidi
712 4282 830 4340 antipae
847 4283 936 4328 oratio.
955 4278 1031 4329 Nulla
1048 4282 1134 4340 igitur,
1152 4284 1182 4328 ut
1199 4294 1278 4340 supra
1294 4281 1417 4341 diximus,

145 4363 301 4419 potestesse
318 4373 425 4407 caesura
442 4360 482 4406 vel
501 4360 623 4407 diaeresis
641 4364 701 4420 post
717 4361 870 4419 proclitieas,
890 4361 960 4406 nulla
975 4363 1034 4407 ante
1052 4361 1185 4407 enoliticas
1198 4360 1295 4407 aliasve
1309 4361 1416 4408 voculas

144 4452 210 4498 quae
236 4441 388 4486 sententiam
415 4441 514 4498 aperire
537 4444 674 4499 nequeunt.
692 4441 737 4486 Sin
755 4443 859 4486 auctore
875 4441 983 4487 Lehrsio
1001 4441 1077 4486 etiam
1097 4441 1122 4486 in
1140 4439 1233 4486 mediis
1252 4440 1340 4486 verbis
1357 4453 1415 4488 aaa·

142 4530 229 4565 suram
246 4519 357 4578 aliquam
376 4531 514 4577 agnosoere
532 4520 626 4579 placet,
644 4532 709 4565 nova
726 4517 851 4564 vocabulo
870 4531 993 4565 cassurae
1012 4519 1134 4566 tribuitur
1151 4519 1198 4579 ris,
1220 4521 1247 4566 et
1268 4519 1415 4580 perieulum

142 4603 181 4647 est
199 4612 230 4644 ns
249 4602 367 4645 nascatur
385 4599 502 4644 contusio
518 4599 567 4644 arti
584 4600 707 4645 metrioae
724 4596 924 4657 haudquaquam
944 4597 1120 4644 conducibilis.
