3082 5100
275 616 305 673 3.
329 616 406 671 ιτοθῖ
427 612 550 687 alicubi,
574 612 642 671 Att.
667 631 737 689 τιον.

275 717 306 774 4.
331 712 383 773 όθι
405 714 469 790 ubi,
492 714 560 774 Att.
585 703 630 772 οὗ.

276 809 715 891 smmmmu

275 921 305 978 6.
330 907 405 976 αὖθι
428 917 481 977 vel
504 914 613 975 αὐτόθι
635 915 706 990 illio,
731 915 799 975 Ati.
825 911 935 973 αὐτόθι
958 913 1009 974 vel
1034 911 1136 972 αὐτοῦ.

373 1017 556 1078 Periculum
588 1017 689 1076 fuisse
720 1031 760 1075 ne
791 1015 876 1075 inter
907 1030 943 1075 se
974 1014 1244 1075 contunderentur
1274 1002 1352 1072 αὖθι
1387 1015 1480 1087 (quod

328 1122 403 1195 post
433 1118 601 1180 elisionem
632 1117 670 1178 fit
692 1107 775 1194 αὖθ’,
793 1132 832 1177 e.
856 1132 887 1191 g.
915 1121 947 1175 A
969 1118 1011 1176 48
1035 1132 1053 1175 σ
1076 1118 1129 1186 48)
1152 1118 1187 1176 et
1208 1105 1292 1187 αὖτις
1315 1116 1388 1177 sive
1411 1106 1481 1174 αὖτε

329 1237 442 1282 rursus
477 1222 560 1295 (post
590 1219 759 1280 elisionem
787 1209 862 1295 αὖό,
884 1221 942 1279 aut
971 1219 999 1278 si
1029 1219 1185 1292 aequatur
1215 1217 1351 1292 spiritus
1376 1231 1479 1292 asper,

329 1314 413 1400 αὖθ’,
431 1339 459 1383 e.
480 1338 510 1396 g.
542 1325 572 1380 A
595 1323 680 1398 370),
700 1321 784 1394 quod
810 1321 931 1395 posteri
961 1311 1053 1392 αὖθις
1079 1319 1237 1395 dicebant,
1269 1334 1344 1380 oum
1373 1320 1480 1393 quivis

328 1440 385 1500 per
403 1439 439 1484 se
457 1423 616 1497 intellegit
635 1424 707 1482 tum
727 1423 869 1482 testatur
889 1421 1078 1482 Callimachi
1101 1437 1189 1482 error
1207 1437 1305 1495 quem
1325 1422 1478 1483 oblivioni

329 1525 446 1601 eripuit
467 1524 662 1586 Ammonius
680 1540 710 1599 p.
733 1526 773 1584 27
798 1522 969 1585 Valcken:
994 1533 1092 1595 κακῶς
1111 1514 1167 1583 οὖν
1187 1521 1377 1602 Καλλίμαχός
1397 1542 1478 1602 φησι·

332 1618 426 1704 ,αὖθι
448 1621 511 1688 τόδ’
537 1624 692 1706 ἕκδόοιμι”
717 1624 783 1686 ἀντὶ
805 1635 859 1687 τοῦ
882 1625 953 1704 μετὰ
976 1635 1076 1687 ταῦτα.

276 1732 304 1789 1.
330 1725 437 1788 ἄλλοθι
459 1729 542 1806 olibi,
566 1731 613 1790 sio
636 1729 736 1791 etiam
760 1729 986 1791 Athenienses,
1057 1751 1059 1756 ·

274 1832 304 1890 8.
327 1827 467 1891 ἑκάστοθι
487 1832 609 1906 ubique.

273 1931 303 1991 9.
327 1929 427 2008 ὑψόθι
450 1934 502 1994 vel
524 1933 582 2010 όψι
605 1935 672 2010 alte,
696 1935 765 1995 Att.
789 1930 881 2009 ὑψοῦ.

254 2034 303 2093 10.
326 2031 433 2110 τηλόθι
456 2036 507 2096 vel
529 2040 595 2114 τῆλε
613 2037 735 2114 procul,
758 2038 826 2096 Ati.
850 2039 949 2114 τηλοῦ.

253 2137 303 2196 11.
328 2131 435 2215 ἔγγόθι
464 2136 517 2198 vel
547 2133 633 2217 ἔγγός
660 2155 767 2214 prope,
800 2139 868 2199 Att.
893 2134 988 2217 ἕγγός.
1014 2171 1054 2180 -
1079 2138 1125 2197 De
1147 2138 1244 2198 dubia
1267 2153 1347 2199 voce
1371 2133 1478 2217 ἀγχόθι

208 2232 319 2314 (ἀγχοῦ)
342 2252 399 2311 pro
422 2233 488 2317 όγχι
510 2239 573 2299 vid.
597 2237 617 2316 ξ
641 2235 728 2301 318¹.

253 2340 302 2399 12.
326 2336 431 2398 ἔνδοθι
454 2341 547 2416 intus,
570 2341 639 2401 Ate.
663 2338 751 2401 ἔνδον
774 2342 887 2412 (Dorio.
912 2338 1013 2411 ἐνδοῖ).

253 2443 304 2501 13.
328 2437 429 2500 ἔκτοθι
451 2445 548 2519 extra,
571 2444 640 2503 Att.
664 2439 753 2514 ἐκτός.

251 2543 306 2603 14.
331 2541 427 2603 νειόθι
455 2544 483 2602 Φ
506 2545 568 2604 317
592 2542 680 2618 infra
703 2544 747 2613 (in
768 2544 897 2614 ιἰιιο...)
918 2543 953 2632 ²).

236 2734 285 2792 ,In
308 2735 401 2794 textu
424 2734 541 2793 tradito
565 2734 665 2794 etiam
688 2735 841 2808 vulgatae
860 2735 983 2795 formae
1002 2741 1064 2793 τοῦ
1086 2753 1146 2794 ττοο
1166 2731 1260 2793 αὐτοῦ
1279 2731 1366 2808 ὑψοῦ
1387 2738 1477 2812 τηλοῦ

204 2832 295 2915 ἀγχοῦ
330 2837 412 2896 satis
446 2837 523 2896 sunt
553 2836 748 2912 frequentes,
779 2836 836 2897 sed
868 2837 912 2896 ibi
943 2836 1076 2896 demum
1108 2835 1256 2896 ferendas
1287 2851 1362 2896 esse
1394 2837 1477 2897 unde

204 2937 294 2996 salvo
317 2940 421 2998 metro
444 2939 604 2998 removeri
627 2940 789 3011 nequeant
812 2939 905 2999 docet
927 2938 1019 2999 ratio.
1045 2939 1090 2998 De
1115 2938 1265 2999 adverbio
1286 2934 1381 3017 ἀγχοῦ
1403 2939 1477 3011 quid

203 3039 247 3097 sit
270 3040 489 3114 statuendum,
513 3055 611 3114 supra
642 3040 670 3110 (5
694 3036 782 3109 318¹)
806 3041 962 3115 apparuit.
992 3038 1130 3099 Multum
1154 3041 1322 3115 praeterea
1345 3042 1386 3101 ad
1411 3056 1475 3115 per·

203 3140 404 3201 suadendum
427 3141 537 3201 valent
559 3142 620 3202 looi
643 3145 832 3215 sequentes:

249 3243 271 3299 B
294 3244 357 3301 332
383 3239 486 3318 αὐτοῦ,
508 3241 549 3314 εἰς
572 3240 590 3303 ὅ
610 3263 643 3302 κε
665 3242 762 3303 itote
786 3245 858 3320 ete,
881 3244 984 3304 immo
1007 3241 1127 3319 αὐτόθι,
1150 3258 1191 3303 ne
1214 3245 1289 3304 ruat
1310 3245 1474 3317 metrum;

203 3343 265 3403 vid.
289 3340 309 3416 ξ
336 3345 375 3402 14
399 3359 471 3418 pag.
496 3346 547 3405 74.

247 3448 274 3502 Δ
298 3446 360 3504 292
386 3451 428 3515 [=
447 3447 521 3515 364)
545 3436 585 3517 ὧς
608 3442 723 3504 ,ἕειτιὼν
746 3445 815 3518 τοὺς
838 3441 892 3523 μὲν
908 3441 1005 3506 ’λίπεν
1030 3444 1133 3523 αὐτοῦ,
1152 3439 1204 3524 ’βῆ
1226 3441 1259 3505 δὲ
1280 3438 1338 3522 μετ’
1359 3442 1478 3523 ἄλλους,

201 3546 302 3606 immo
326 3544 445 3621 αὐτόθι,
467 3547 529 3608 vid.
554 3546 574 3622 ,θη
600 3549 618 3606 3
642 3562 713 3622 pag.
742 3549 792 3609 15.

245 3669 263 3704 ν
288 3648 352 3707 249
382 3646 437 3723 τήν
466 3667 519 3726 nep
545 3651 637 3725 τηλοῦ
667 3665 760 3725 φασιν
792 3648 934 3727 Ἀχαιίδος
964 3645 1086 3726 ἔμμεναι
1115 3647 1193 3727 αἴης,
1222 3650 1325 3710 immo
1358 3650 1476 3728 τηλόθι,

201 3748 264 3807 vid.
289 3749 307 3817 ἓ
331 3752 350 3809 3
374 3764 445 3823 pag.
473 3751 522 3809 16.

248 3853 274 3907 T
290 3851 353 3909 403
370 3845 440 3927 μηδ’
462 3847 503 3922 ὡς
522 3848 697 3929 Πάτροκλον
713 3845 812 3911 ’λίπετ’
836 3849 929 3912 αὐτοῦ
949 3857 1108 3912 τεθνειῶτα
1128 3857 1258 3931 (estivo).
1279 3854 1332 3913 Sic
1349 3853 1423 3928 Syr.
1436 3857 1473 3930 Α,

201 3949 257 4009 sed
289 3949 394 4009 αὐτόθι
425 3952 629 4012 scribendum
661 3968 733 4013 esse
760 3955 893 4028 apparet
915 3953 985 4013 coll.
1009 3955 1027 4023 ἓ
1051 3956 1069 4014 2
1094 3971 1165 4030 pag.
1191 3958 1222 4029 6,
1246 3955 1341 4029 idque
1365 3960 1475 4018 estin

201 4052 364 4126 inscriptis
387 4054 614 4128 compluribus.

246 4153 277 4210 11
301 4156 364 4214 673
388 4157 502 4216 eadem
525 4171 576 4216 res
601 4158 660 4216 est.
684 4158 721 4217 In
745 4157 909 4231 mseripiis
932 4157 1093 4232 plerisque
1116 4158 1234 4232 legitur
1253 4159 1324 4219 sine
1344 4160 1429 4222 vltio
1448 4161 1478 4221 oi

202 4287 395 4295 --..—.—

235 4348 252 4410 ¹)
276 4355 359 4411 τηιόθι
380 4355 510 4401 >Thesprio
533 4354 594 4401 VIII
616 4357 656 4401 44.
679 4380 712 4389 -
731 4355 818 4401 Errori
841 4355 951 4402 debetur
969 4358 1041 4403 λκιῑθι
1061 4375 1074 4420 ρ
1094 4357 1133 4416 10,
1150 4357 1195 4403 ubi
1213 4369 1260 4417 pro
1278 4356 1329 4420 ὄφρ’
1351 4356 1381 4404 ἂν
1400 4362 1475 4407 tuus:

200 4429 249 4488 leg.
267 4431 329 4495 ὄφρα
347 4450 371 4478 κε
389 4440 458 4488 notua,
477 4434 510 4480 of.
528 4433 542 4491 ᾗ
562 4434 593 4481 97
612 4447 671 4493 pag.
692 4435 749 4480 268.

233 4508 252 4566 ²)
270 4511 308 4556 Ex
317 4512 452 4571 Apollonio
469 4513 568 4560 Rhodio
587 4513 647 4560 addi
666 4517 752 4574 potest
771 4516 834 4561 οἰόθι
853 4515 958 4562 111945
976 4515 1011 4562 IV
1030 4517 1103 4571 1046,
1122 4517 1194 4574 tato,
1210 4517 1284 4577 1101,
1298 4517 1370 4574 quod
1383 4518 1476 4566 adver-

199 4588 269 4635 bium
289 4591 321 4636 ad
338 4592 505 4639 imitationem
523 4593 653 4640 Homerici
672 4597 753 4640 οἰόθεν
770 4588 838 4654 (οἷος)
860 4598 900 4641 esi
918 4596 1055 4643 conticium
1072 4591 1117 4660 (oi.
1135 4594 1150 4654 fi
1168 4593 1219 4657 17).
