3120 5124
759 434 798 492 16
1341 431 1369 502 [6
1392 432 1412 492 3

140 628 170 683 Σ
201 624 263 684 189
298 624 327 680 Φ
358 622 421 680 533
457 621 492 677 Ψ
521 619 586 679 310
617 622 633 678 1
664 619 730 679 416
761 640 778 677 ο
810 619 874 678 473
905 616 926 676 1.
951 631 980 676 a.
1004 637 1028 674 ω
1053 617 1118 675 240
1141 618 1213 693 etc,
1245 617 1412 679 Hermann

142 726 267 800 Orphic.
293 739 322 796 p.
349 723 410 783 729
436 736 484 793 sq.

185 828 268 888 Aliis
290 825 323 884 in
346 822 494 882 versibus
514 823 576 883 etsi
596 824 670 896 post
692 824 845 896 quartum
866 821 1044 895 spondeum
1065 820 1184 880 desinit
1207 821 1412 908 vocabulum,

140 946 203 992 non
237 931 347 987 tamen
382 924 482 983 simul
517 924 646 984 sistitur
681 924 783 985 oratio
816 938 919 997 neque
951 922 1049 996 igitur
1080 923 1208 997 ingrata
1237 924 1411 998 percipitur

140 1043 349 1093 numerorum
373 1025 487 1085 incisio
494 1044 502 1100 ;
527 1041 554 1086 e.
580 1040 628 1099 με

275 1129 304 1189 οἳ
325 1120 389 1187 τόθ’
414 1123 475 1186 ὑπὸ
499 1124 626 1206 ζυγόφιν
646 1121 732 1187 ’λύον
755 1125 865 1198 ἵππους
888 1124 1033 1204 ἡμιόνους
1057 1146 1094 1184 τε.
1134 1125 1166 1184 Ω
1190 1127 1264 1188 oio.

274 1229 326 1290 τὸν
350 1222 379 1287 δ’
405 1221 528 1305 ἠμείβετ’
556 1225 654 1287 ἔπειτα
677 1229 790 1306 βοῶπις
814 1227 920 1288 πότνια
934 1224 1024 1305 Ἥρη.
1136 1231 1165 1285 A
1196 1229 1270 1288 551.

274 1324 345 1391 οἵτ’
372 1327 429 1409 ἄρα
453 1327 512 1409 πὰρ
537 1330 676 1409 ποταμὸν
697 1329 838 1408 Κηφισὸν
862 1330 928 1390 δῖον
952 1327 1062 1389 ἔναιον.
1133 1331 1157 1388 Β
1182 1331 1256 1390 522.

273 1427 401 1510 ἓστάμεν’
427 1428 480 1510 ἠδὲ
503 1431 596 1510 μάχης
620 1431 794 1511 καυστείρης
817 1429 1019 1510 ἀντιβολῆσαι.
1135 1434 1162 1489 Δ
1186 1432 1249 1492 342
1275 1431 1317 1489 Μ
1338 1432 1411 1492 316.

274 1533 377 1612 κρίνας
400 1531 432 1593 ἐκ
455 1532 574 1611 Λυκίης
597 1532 712 1612 εὐρείης
736 1541 837 1610 φῶτας
859 1531 1006 1612 ἀρίστους.
1127 1536 1152 1591 Ζ
1177 1533 1250 1593 188.

274 1634 311 1697 οὐ
335 1635 390 1715 γάρ
414 1652 467 1711 σφι
491 1634 595 1718 σταδίη
618 1633 729 1718 ὑσμίνη
748 1629 848 1714 ’μίμνε
872 1634 961 1712 φίλον
984 1642 1049 1713 κῆρ.
1126 1636 1160 1693 Ν
1185 1636 1258 1695 718.

141 1739 211 1799 Vid.
235 1739 401 1811 praeterea
425 1740 452 1795 Δ
476 1739 539 1798 515
565 1740 593 1795 Ε
617 1740 691 1814 341,
716 1738 780 1799 482
805 1741 830 1796 Ζ
854 1739 915 1798 188
939 1739 1039 1798 1555
1062 1739 1090 1794 Κ
1111 1738 1186 1813 354,
1208 1737 1272 1796 374
1294 1736 1328 1794 Ν
1338 1736 1412 1810 360,

144 1843 206 1902 713
240 1841 274 1896 Π
301 1840 365 1899 645
395 1841 425 1896 Σ
454 1841 528 1916 313,
561 1840 627 1899 400
661 1843 688 1898 Τ
716 1841 790 1914 245,
816 1842 880 1901 296
908 1842 936 1898 Φ
962 1840 1024 1900 150
1048 1841 1080 1896 Χ
1100 1839 1164 1899 383
1190 1837 1221 1896 Ω
1245 1838 1308 1898 542
1333 1858 1346 1896 ε
1371 1837 1412 1898 62

142 1964 158 2001 ο
183 1942 236 2018 84,
261 1941 324 2000 248
349 1943 410 2001 etc.
435 1975 477 1983 ·-
502 1942 659 2002 Attamen
687 1941 770 2001 satis
800 1942 863 2001 rari
894 1944 972 2001 sunt
995 1955 1111 2000 versus
1134 1940 1181 2000 ita
1209 1939 1412 2013 conformati,

143 2045 176 2103 et
206 2057 259 2102 res
293 2043 356 2101 huc
391 2043 473 2102 redit
506 2045 544 2102 ut
574 2045 701 2102 veteres
732 2045 880 2102 cantores
904 2043 959 2101 vix
983 2056 1127 2113 unquam
1156 2043 1231 2101 ante
1255 2040 1413 2101 diaeresin

142 2144 321 2204 bucolicam
355 2143 546 2203 admiserint
577 2144 734 2203 vocabula
766 2159 847 2216 quae
871 2144 1049 2216 spondeum
1080 2141 1130 2201 vel
1154 2142 1336 2202 molossum
1362 2141 1412 2203 vel

142 2248 282 2306 ionicum
307 2260 327 2303 a
351 2245 474 2304 minore
506 2246 578 2319 (L.‚
601 2241 690 2319 .i.‚
710 2242 839 2327 WL.)
863 2243 1038 2317 efficerent,
1064 2244 1095 2302 id
1127 2243 1210 2316 quod
1235 2245 1309 2317 post
1332 2243 1413 2303 alios

143 2347 380 2408 demonstravit
413 2346 451 2405 A.
484 2346 573 2406 Platt
603 2346 635 2405 in
665 2346 798 2406 Journal
824 2346 859 2407 of
879 2345 1047 2419 Philology
1072 2345 1156 2404 1889
1182 2361 1211 2420 p.
1239 2345 1413 2404 121-125

144 2451 177 2510 et
214 2449 397 2508 150-153.
433 2447 608 2507 Multorum
641 2451 752 2508 autem
785 2462 951 2523 versuum,
984 2447 1039 2520 qui
1069 2447 1116 2506 ita
1147 2446 1318 2521 compositi
1342 2461 1414 2506 esse

144 2551 303 2625 videntur,
337 2549 449 2622 pedem
482 2551 635 2621 quartum
660 2549 780 2609 claudit
804 2548 984 2610 infinitivus
1008 2550 1041 2608 in
1065 2568 1133 2623 -ειν,
1156 2564 1212 2622 pro
1236 2564 1298 2621 quo
1322 2541 1411 2624 -ἐμεί

143 2653 250 2726 potest
281 2650 411 2710 rescribi
444 2650 494 2719 (ci.
527 2652 545 2719 6
580 2652 662 2726 125),
686 2650 829 2725 plurium
859 2651 959 2712 etiam
984 2651 1005 2720 ¹)
1028 2651 1194 2723 genitivus
1218 2650 1251 2710 in
1275 2670 1337 2724 -ου,
1361 2650 1414 2723 qui

143 2755 176 2812 in
199 2772 247 2810 -oo
272 2750 404 2811 dissolvi
426 2754 534 2825 potest
556 2755 589 2812 et
612 2752 750 2812 sortasse
773 2752 868 2812 debet
891 2752 940 2821 (ci.
965 2754 982 2821 §
1008 2753 1071 2822 59).
1088 2752 1208 2812 Notatu
1229 2753 1341 2812 eutem
1363 2753 1415 2813 est

143 2853 371 2926 dignissimum
395 2853 478 2924 quod
502 2853 609 2913 docuit
633 2855 657 2913 Ι.
679 2854 811 2927 Hilberg
837 2854 1085 2927 Siluenwsgung
1107 2869 1136 2928 p.
1159 2855 1231 2929 112,
1252 2867 1415 2926 nusquam

145 2956 176 3013 in
211 2956 326 3027 quarta
356 2953 432 3012 sede
462 2955 644 3014 hexametri
676 2956 806 3028 reperiri
833 2956 1022 3031 spondeum,
1047 2957 1139 3015 cuius
1162 2956 1270 3016 thesin
1294 2953 1415 3015 efficiat

145 3056 265 3115 vocalis
296 3055 403 3115 brevis
434 3056 465 3115 in
490 3054 553 3115 fine
577 3056 722 3116 vocabuli
745 3057 902 3117 collocata
925 3059 958 3116 et
981 3057 1139 3132 positione
1161 3058 1325 3133 producta,
1350 3056 1414 3117 vid.

145 3156 228 3216 infra
252 3158 270 3225 6
295 3157 346 3215 24.

188 3336 226 3394 In
256 3336 396 3396 secundo
419 3335 499 3408 pede
523 3334 678 3396 vocabula
702 3337 873 3411 spondiaca
897 3338 951 3397 vix
982 3337 1088 3410 magis
1110 3337 1238 3411 placent
1260 3351 1359 3410 quam
1382 3337 1414 3397 in

146 3438 259 3508 quarto
283 3431 322 3510 ²);
348 3437 492 3496 duriores
515 3437 603 3496 enim
626 3440 704 3497 sunt
727 3438 912 3499 huiusmodi
937 3453 1068 3498 versus:

233 3536 343 3615 πρῆξαι
365 3533 393 3596 δ’
420 3535 514 3614 ἔμπης
537 3534 573 3597 οὔ
600 3560 628 3596 τι
651 3537 801 3616 δυνήσεαι.
1161 3543 1190 3597 Α
1214 3540 1288 3601 562.

178 3807 195 3869 ¹)
214 3808 283 3856 Plott
307 3810 323 3856 l.
341 3810 357 3856 l.
380 3810 477 3857 indicat
498 3811 568 3858 locos
598 3815 735 3871 sequentes
759 3812 804 3859 nbi
821 3812 950 3872 genitivus
970 3812 995 3858 in
1013 3830 1052 3858 -ou
1072 3812 1192 3860 desinens
1212 3813 1353 3860 molossum
1371 3814 1416 3859 snt

145 3891 256 3936 ionicum
284 3902 299 3935 a
323 3889 422 3936 minore
450 3889 531 3936 efficit
555 3891 581 3937 in
608 3894 680 3938 textu
705 3890 824 3949 vulgato:
851 3895 874 3937 Β
897 3893 953 3951 518,
977 3891 1025 3938 705
1043 3905 1081 3950 sq.
1100 3899 1121 3938 Δ
1142 3894 1198 3947 100,
1218 3894 1273 3952 177,
1292 3893 1349 3953 228,
1367 3892 1415 3939 479

147 3973 166 4015 l:
190 3970 230 4028 25,
254 3969 310 4027 235,
334 3970 391 4024 335,
415 3970 471 4028 534,
491 3969 537 4015 565
557 3973 582 4015 H
598 3971 637 4029 12,
656 3971 703 4016 392
722 3972 743 4014 Λ
764 3971 811 4016 756
832 3973 862 4015 Μ
879 3971 926 4017 373
947 3975 970 4015 Ν
986 3971 1043 4028 171,
1060 3972 1118 4031 400,
1137 3971 1194 4027 591,
1213 3973 1269 4030 601,
1288 3973 1345 4023 606,
1366 3971 1415 4018 663

145 4050 172 4095 Ξ
188 4049 245 4105 200,
264 4049 320 4104 301,
338 4049 395 4104 454,
413 4049 461 4095 490
482 4050 565 4095 0331
588 4055 613 4095 Π
628 4050 684 4108 286,
704 4050 760 4108 571,
779 4050 826 4095 647
850 4053 870 4094 l’
886 4051 926 4108 63,
945 4050 1002 4104 214,
1020 4050 1077 4109 303,
1102 4050 1158 4109 306,
1180 4052 1237 4105 602,
1256 4051 1304 4096 653
1322 4055 1344 4096 Σ
1359 4050 1416 4105 226,

146 4128 194 4173 335
225 4132 248 4172 Τ
270 4128 310 4183 75,
336 4129 384 4174 412
413 4135 435 4173 Υ
455 4129 503 4173 438
528 4131 555 4174 ψ
573 4130 629 4189 154,
648 4129 695 4174 592
717 4132 744 4174 ψ
760 4129 817 4183 529,
835 4130 891 4182 540,
910 4130 957 4174 536
977 4142 1024 4188 sq.,
1043 4129 1090 4175 666
1112 4147 1125 4186 γ
1144 4131 1199 4181 189,
1218 4130 1275 4190 279,
1293 4130 1350 4190 364,
1368 4129 1416 4175 423

143 4208 157 4253 d
176 4208 257 4266 2,16,
277 4208 317 4267 23,
335 4208 375 4262 46,
394 4208 441 4253 217
461 4226 471 4252 ι
489 4208 520 4253 33
541 4226 553 4266 η
574 4208 621 4254 264
640 4214 660 4254 d
679 4209 727 4254 114
748 4225 762 4254 κ
780 4209 837 4263 492,
856 4209 912 4268 565,
930 4213 942 4253 1
961 4210 1001 4265 90,
1021 4209 1077 4264 165,
1095 4209 1142 4254 325
1160 4226 1176 4265 μ
1194 4208 1241 4254 267
1257 4208 1342 4268 ο2,5,
1361 4208 1416 4265 141,

145 4286 193 4331 425
212 4300 229 4331 π
247 4287 295 4332 396
312 4300 326 4331 τ
348 4287 395 4331 180
412 4303 430 4346 φ
448 4286 496 4332 296
514 4297 536 4344 ψ
555 4286 709 4332 aaa-His
727 4285 854 4332 accedunt
871 4286 978 4333 totidem
997 4288 1051 4333 fere
1070 4287 1119 4332 loci
1137 4286 1182 4333 ubi
1196 4287 1325 4346 genitivus
1340 4299 1416 4347 spon·

144 4364 234 4411 diacus
259 4366 286 4411 in
312 4383 352 4412 ·ou
378 4364 498 4411 desinens
523 4365 615 4425 pedem
640 4368 759 4424 quartum
785 4365 878 4425 explet,
896 4379 961 4424 quos
979 4369 1066 4412 tamen
1083 4365 1198 4424 singulus
1219 4365 1332 4412 indicare
1349 4363 1418 4412 Puto

145 4444 298 4503 supersedit.
318 4443 473 4501 (1611111116
493 4445 532 4490 59.

178 4519 199 4587 ²)
216 4524 299 4570 Locos
317 4524 392 4570 aliem
407 4522 515 4581 Hilberg
532 4523 730 4583 silbenwignng
747 4536 772 4582 p.
792 4525 823 4570 97
840 4537 896 4582 sqq.
916 4522 963 4570 129
983 4538 1040 4584 sqq.
1052 4549 1084 4558 -
1099 4526 1137 4571 De
1153 4526 1291 4584 praecepto
1306 4523 1416 4583 quodam

145 4602 260 4657 metrico,
284 4602 317 4648 nd
334 4602 440 4649 secundi
458 4602 532 4662 pedis
549 4602 776 4649 conformationem
795 4604 941 4663 pertinenti,
959 4604 992 4651 ef.
1009 4605 1076 4650 inira
1094 4605 1108 4661 6
1127 4605 1166 4650 24.
