3120 5124
694 409 697 415 “
767 428 874 471 xxvru

182 597 450 677 ε’βάτην...πολλὰ
489 595 552 678 μάλ’
589 597 1009 679 εὐχομένω...Μυρμιδόνων
1045 593 1072 658 δ’
1111 596 1160 657 ε’πί
1193 618 1222 656 τε
1255 594 1368 666 κλισίας
1402 591 1453 653 καὶ

182 709 256 778 νῆας
287 699 516 780 ἱκέσθην...τὼ
551 696 577 761 δ’
612 699 720 780 ἕβάτην
750 699 881 779 προτέρω
895 698 984 760 ...τὼ
1016 698 1065 759 καὶ
1098 699 1288 775 δεικνύμενος
1316 693 1452 774 προσέφη

181 802 276 875 πόδας
307 799 386 875 ὠκὺς
411 804 558 883 Ἀχιλλεύς·
582 803 723 883 χαίρετον·
747 795 766 882 ἧ
789 803 871 878 φίλοι
894 800 1000 881 ἄνδρες
1024 802 1158 862 ἱκάνετον
1171 798 1254 860 ...οἴ
1272 822 1373 876 μοι...
1386 798 1453 873 φίλ-

182 904 264 964 τατοί
292 902 375 965 ἐστον
404 911 530 976 (verum
563 905 690 966 videtur
719 905 795 981 φίλω
828 902 1217 979 ἅνδρε...ὥ...φελτάτω).
1241 902 1332 962 Unde
1354 901 1453 975 igitur

182 1007 299 1066 tertius
318 1006 446 1080 legatus
465 1008 609 1067 Phoenix
628 1008 743 1081 pedem
762 1008 893 1068 intulit?
914 1023 1017 1068 esera
1029 1006 1182 1067 nimirum
1195 1003 1452 1078 interpolatione,

182 1122 264 1179 quae
287 1123 307 1168 a
329 1108 492 1168 veteribus
515 1108 636 1168 dudum
659 1109 776 1169 fuisset
799 1111 921 1182 notata,
941 1110 1004 1168 nisi
1025 1108 1254 1169 increbruisset
1273 1106 1351 1165 olim
1370 1104 1454 1163 falsa

183 1209 288 1282 opinio
308 1210 416 1283 opicae
435 1210 566 1270 dictioni
586 1225 777 1270 concessum
796 1210 897 1270 fuisse
916 1211 1044 1270 dualem
1066 1224 1239 1269 numerum
1257 1209 1296 1268 de
1307 1206 1452 1281 pluribus

182 1325 347 1386 usurpare,
379 1312 504 1383 quade
527 1327 561 1372 re
587 1312 648 1371 vid.
675 1312 758 1372 inira
781 1311 800 1387 ξ
824 1314 876 1372 ῦ2.
902 1312 984 1385 Ergo
1007 1326 1089 1384 quae
1113 1312 1152 1370 de
1176 1310 1333 1370 Phoenice
1360 1307 1409 1367 vel
1434 1321 1453 1365 a

182 1412 339 1472 Phoenice
363 1413 513 1472 dicuntur
535 1428 607 1474 sero
631 1415 709 1472 nata
731 1428 803 1473 esse
827 1416 971 1473 constat:
998 1429 1045 1472 vs.
1075 1414 1146 1486 168,
1169 1413 1243 1486 223,
1265 1409 1452 1483 lat-lae,

181 1513 246 1572 432
278 1514 469 1587 son-622,
501 1516 687 1589 659-662,
721 1516 914 1587 690-692;
947 1529 1050 1586 neque
1081 1529 1234 1588 operosae
1265 1511 1453 1571 eruditionis

182 1614 266 1674 hunc
300 1614 404 1674 fetum
437 1648 477 1657 -
505 1618 591 1676 inest
625 1616 775 1688 Meleagri
808 1615 918 1675 fabula
951 1618 1020 1675 tota
1055 1614 1178 1688 prolixe
1213 1614 1345 1673 narrata
1364 1608 1385 1680 ¹)
1411 1644 1451 1653 -

182 1716 341 1776 omissum
370 1716 567 1777 desideraret
589 1719 761 1791 quisquam
784 1719 869 1790 quod
892 1717 931 1777 ad
956 1717 1109 1777 carminis
1132 1716 1384 1777 concinnitatem
1407 1716 1452 1773 at·

184 1817 266 1876 tinet
286 1814 318 1886 ²).

226 1917 389 1980 Eademne
419 1922 526 1980 aetate
558 1935 599 1979 an
629 1921 743 1994 postea
773 1920 915 1980 insertus
946 1920 990 1978 sit
1016 1921 1192 1995 catalogue,
1217 1934 1315 1992 quem
1339 1918 1452 1978 intem·

183 2021 308 2093 pestive
327 2021 503 2081 admodum
522 2022 636 2080 lunoni
657 2024 786 2081 enarrat
804 2021 957 2096 Iuppiter,
978 2021 1153 2081 mulierum
1173 2037 1192 2082 a
1211 2037 1247 2081 se
1266 2022 1452 2082 amatarum

183 2118 416 2198 Ξ317-327,
446 2124 478 2182 in
511 2123 617 2183 medio
647 2124 798 2185 relictum
829 2125 918 2183 esto:
950 2125 1075 2183 certum
1104 2123 1258 2183 estnihil
1281 2120 1452 2182 absurdius

182 2223 250 2283 Iovi
273 2226 418 2297 potuisse
447 2225 555 2299 tribui,
579 2240 682 2298 neque
706 2225 737 2284 id
760 2225 844 2298 fugit
867 2229 994 2285 veteres
1016 2226 1259 2298 grammaticos.

150 2338 152 2342 ·
224 2323 361 2385 intimae
384 2327 464 2386 artis
487 2327 719 2387 documentum
743 2329 794 2386 est
816 2328 945 2387 Aeneae
969 2342 1042 2386 cum
1067 2326 1191 2387 Achille
1214 2340 1322 2399 pugna
1345 2326 1450 2397 singu·

182 2425 259 2486 laris
283 2427 316 2486 in
340 2427 420 2487 libro
447 2429 474 2484 Τ
492 2432 552 2497 (vs.
576 2429 771 2503 lio-352),
792 2431 825 2488 et
844 2427 982 2487 deterior
1000 2428 1100 2487 etiam
1121 2431 1172 2487 est
1191 2442 1298 2502 pugna
1317 2428 1451 2486 deorum

185 2528 214 2584 Φ
237 2527 422 2604 aaa-520,
447 2529 517 2589 sive
540 2529 606 2589 illio
629 2529 761 2589 latitant
780 2532 984 2590 vetustorum
1005 2530 1193 2603 mythorum
1214 2529 1362 2603 vestigia,
1382 2529 1452 2586 sive

184 2628 305 2688 sterilis
335 2631 544 2704 interpolator
574 2645 613 2690 ea
643 2634 751 2691 aetate
782 2647 845 2705 qua
870 2632 919 2690 vis
943 2632 1082 2691 creatrix
1105 2631 1225 2705 ingenii
1249 2630 1331 2704 epici
1353 2630 1450 2690 deier-

182 2729 295 2791 buerat
326 2731 364 2791 de
395 2747 454 2793 suo
483 2734 562 2793 haec
585 2733 799 2805 excogitavit:
824 2734 956 2807 indigna
979 2734 1064 2793 certe
1089 2734 1181 2792 erant
1203 2747 1286 2804 quae
1309 2732 1342 2791 in
1364 2745 1451 2805 prae·

181 2830 305 2891 clarum
330 2848 460 2894 carmen
485 2835 711 2908 reciperentur.

225 2934 262 2993 In
293 2937 404 3008 paucis
428 2938 538 2996 autem
563 2935 714 2996 notabilis
738 2938 788 2994 est
811 2936 902 2995 locus
928 2937 952 2992 vI
976 2937 1039 2996 269
1064 2951 1152 3010 sqq.;
1176 2950 1257 3007 quos
1280 2936 1334 3007 qui
1357 2934 1453 2994 finxit

184 3049 297 3095 versus
322 3070 362 3078 —
387 3038 457 3097 sive
487 3037 549 3097 fuit
575 3037 786 3111 interpolator
808 3037 860 3096 cui
882 3039 952 3097 tota
976 3038 1111 3097 Achillis
1135 3040 1168 3097 et
1191 3038 1321 3097 Aeneae
1345 3051 1451 3096 mono·

183 3138 311 3197 machia
331 3138 473 3215 debetur,
494 3140 564 3200 sive
584 3140 689 3199 serius
709 3139 808 3199 etiam
829 3141 906 3198 sunt
924 3139 1037 3199 inserti
1060 3173 1099 3181 -
1120 3138 1300 3199 luculenter
1312 3138 1454 3199 ostendit

183 3253 218 3297 se
249 3254 415 3299 armornm
446 3257 465 3300 a
490 3241 633 3301 Vulcano
656 3240 885 3301 fabricatorum
918 3241 1177 3315 descriptionem,
1209 3255 1290 3313 quae
1317 3240 1350 3299 in
1374 3239 1453 3301 libro

183 3342 213 3396 Σ
235 3341 336 3416 extat,
360 3343 393 3401 et
415 3357 511 3402 nosse
536 3344 569 3403 et
590 3342 676 3402 male
699 3341 910 3402 intellexisse.
936 3343 1018 3402 Nam
1044 3357 1174 3402 versum
1199 3344 1228 3398 Σ
1247 3340 1321 3415 481,
1343 3341 1395 3399 ubi
1415 3340 1453 3401 de

183 3441 319 3502 Achillis
341 3443 442 3517 clipeo
465 3444 581 3504 dicitur

404 3542 489 3605 πέντε
513 3541 539 3604 δ’
566 3542 609 3622 ἄρ’
636 3543 728 3605 αὐτοῦ
756 3541 827 3603 ἕσαν
850 3543 954 3617 σάκεος
977 3545 1092 3623 πτύχες,

185 3647 314 3720 propter
337 3662 375 3708 ea
397 3663 480 3720 quae
502 3648 652 3722 leguntur
676 3663 724 3709 vs.
749 3648 813 3708 474
836 3663 902 3721 sq.:

220 3937 238 4000 ¹)
255 3941 330 3987 Hunc
356 3941 441 3987 locum
467 3942 603 3988 Phoenicis
629 3942 741 3988 sermoni
766 3942 806 3988 vel
830 3942 868 3987 sic
891 3943 954 3989 eatis
978 3942 1054 4000 longo
1077 3956 1092 3987 a
1115 3956 1180 3989 novo
1198 3942 1380 4002 interpolatore
1398 3955 1454 3988 ease

184 4020 309 4067 insertum
327 4020 449 4068 credibile
467 4026 505 4067 est
525 4018 571 4082 (vs.
591 4019 721 4082 eas-599).

220 4094 240 4160 ²)
258 4100 381 4154 Quoniam
398 4101 440 4147 rix
458 4101 581 4147 credibile
599 4104 638 4147 est
655 4100 705 4159 ipsi
723 4113 825 4159 quoque
843 4100 1019 4158 interpolatori
1038 4101 1174 4147 discrimen
1190 4114 1355 4147 numerorum
1370 4101 1455 4147 dualis

186 4184 212 4226 et
229 4179 336 4239 pluralis
353 4180 469 4238 ignotum
487 4180 567 4228 fuisse
586 4177 622 4241 (id
640 4180 709 4238 quod
727 4181 818 4226 statuit
835 4176 896 4225 Ficlr
913 4180 975 4226 Iliae
993 4194 1017 4239 p.
1037 4176 1105 4243 460),
1124 4183 1241 4241 suspicor
1258 4181 1326 4227 hnnc
1350 4183 1455 4228 humeae

185 4260 347 4313 Phoenicem,
375 4261 481 4319 perinde
507 4263 584 4319 etque
609 4257 765 4313 Patroclum,
789 4261 814 4304 in
840 4259 946 4305 Achillis
972 4261 1080 4307 tentorio
1103 4260 1239 4319 degentem
1260 4262 1348 4319 ibique
1369 4274 1454 4308 coram

185 4338 278 4397 legatis
300 4339 431 4386 alumnum
456 4340 641 4397 cohortantem,
664 4342 754 4397 postea
777 4339 880 4384 demum
904 4339 976 4397 alios,
994 4353 1089 4398 eosque
1107 4343 1304 4395 recentissimos,
1323 4354 1352 4386 ea
1371 4344 1455 4386 aetate

187 4431 237 4477 qna
263 4417 347 4464 dualia
371 4421 397 4464 et
424 4418 531 4477 pluralis
556 4417 698 4476 permutari
723 4431 798 4477 posse
823 4417 982 4478 videbantur,
1005 4420 1095 4479 paucis
1119 4420 1235 4467 versibus
1259 4419 1365 4466 adiectis
1388 4421 1455 4466 hanc

186 4497 354 4543 narrationem
371 4498 407 4543 ita
425 4498 598 4544 conformasse
616 4501 645 4543 ut
662 4498 753 4543 tertius
771 4498 871 4555 legatus
888 4498 1002 4543 Phoenix
1020 4498 1053 4544 ed
1072 4500 1196 4545 Achillem
1211 4513 1225 4545 e
1240 4512 1330 4556 regum
1346 4500 1454 4546 concilio

186 4577 337 4623 mitteretur.
