3120 5124
749 404 812 462 130

231 577 369 667 ἒτράττην,
392 604 412 649 a
435 588 532 648 verbo
554 585 649 666 τέρπω
672 588 690 658 5
715 589 788 648 250.

230 688 324 770 τρόπω
349 725 391 732 -
415 685 642 768 τερπικέραυνος
665 689 683 759 5
708 692 782 750 251.

230 790 387 870 ἀτράπῖτός
411 826 454 834 -
477 789 617 869 ἀταρπός,
640 788 806 867 ἀταρπῖτός.

230 891 338 973 τρέφω,
359 895 447 974 τρόφι
469 928 510 936 -
535 893 650 972 ταρφύς
674 894 691 964 5
716 895 790 954 252.

231 995 364 1075 τὲτράτος
387 1030 430 1038 -
453 993 587 1072 τέταρτος
610 996 628 1066 5
651 996 703 1056 91.

230 1095 380 1177 ἤμβροτον
405 1132 446 1139 -—
471 1095 613 1175 ἥμαρτον,
638 1113 657 1157 a
681 1098 778 1157 verbo
802 1086 960 1175 ἆμαρτάνω
983 1099 1001 1167 5
1027 1098 1099 1158 149.

230 1200 334 1279 βροτός
359 1204 402 1272 (=
414 1198 530 1278 μροτός)
568 1233 597 1241 -
620 1197 711 1277 μόρος
735 1202 795 1260 ete.
818 1200 836 1270 5
860 1202 934 1260 271.

320 1301 481 1362 Adiectivi
496 1299 600 1377 βροτός
620 1304 697 1362 sunt
717 1303 896 1376 composita
915 1297 1297 1380 ἀ-μβροτος1ἀ-μβρόσιος),
1314 1298 1414 1375 pocot

275 1404 401 1482 μβροτος
421 1405 439 1473 5
459 1404 532 1473 280,
554 1402 781 1480 τερψί-μβροτος
799 1405 817 1472 5
838 1405 912 1479 250,
933 1402 1166 1481 φθισίμβροτος
1185 1403 1203 1471 5
1226 1403 1300 1463 166.
1323 1401 1415 1476 Apud

275 1509 422 1580 posteros
442 1506 597 1565 accedunt
613 1503 848 1583 στησί-μβροτος,
865 1503 1134 1583 πλειστό-μβροτος,
1153 1501 1417 1582 δαμασίμβροτος,

276 1604 500 1685 ἕναρί-μβροτος
525 1608 585 1666 etc.
614 1601 642 1675 ¹).

230 1707 369 1792 θρῴσκω,
392 1724 457 1769 aor.
483 1705 593 1785 ἔθορον
617 1707 634 1777 5
659 1708 733 1768 285.

231 1807 391 1888 πέπρωται,
413 1825 478 1870 aor.
504 1807 613 1888 ἕττορον
638 1809 656 1879 5
681 1811 755 1869 276.

186 1914 357 1974 Praeterea
388 1913 451 1972 huc
485 1913 647 1986 pertinent
681 1911 783 1971 dativi
817 1910 944 1989 πατράσι
974 1913 1004 1983 (1.
1034 1926 1062 1971 ο.
1095 1914 1213 2003 nergel)
1237 1913 1319 1984 etc.;
1354 1911 1417 1972 vid.

141 2015 159 2083 5
194 2016 233 2073 79
267 2016 299 2073 et
330 2029 411 2088 quae
435 2015 474 2073 de
497 2029 627 2088 apocope
650 2013 683 2072 in
705 2014 723 2082 ἓ
750 2015 789 2073 12
815 2015 892 2073 sunt
919 2013 1101 2073 observata.
1125 2013 1233 2072 Etiam
1258 2011 1419 2086 particula

143 2116 354 2176 multiformis
378 2112 466 2193 ἀρ-ρα
490 2115 542 2174 hio
567 2115 868 2189 commemoranda;
893 2114 933 2174 of.
957 2115 975 2183 5
1001 2116 1050 2174 11.

187 2218 328 2278 Litterae
351 2221 366 2276 1
391 2216 503 2277 eadem
528 2219 579 2276 est
602 2216 740 2276 conditio
764 2217 797 2276 in
824 2230 902 2276 voce

231 2318 364 2403 βλῴσιιω,
386 2316 557 2397 μέ-μβλωιια
583 2352 623 2362 -
648 2333 713 2379 aot.
737 2315 845 2395 ἔμολον
868 2318 886 2388 5
910 2319 985 2379 285.

185 2535 269 2594 Vera
299 2536 483 2596 litterarum
515 2536 724 2610 transpositio
755 2537 873 2613 (rb-br),
904 2537 997 2597 cuius
1019 2538 1131 2596 tamen
1155 2549 1255 2596 causa
1278 2534 1421 2595 fortasse

141 2652 204 2696 nen
239 2652 392 2698 sonorum
423 2639 485 2698 tuit
515 2639 639 2699 indoles
670 2639 727 2699 sed
755 2639 924 2712 originatio
948 2638 1143 2712 ingeniosior
1166 2651 1264 2710 quarn
1289 2636 1420 2712 rectior,

142 2754 159 2798 e
192 2754 269 2799 voce
302 2736 400 2817 ὄρφνη
432 2741 540 2800 effecit
571 2740 764 2800 vocabulum
797 2741 959 2801 recentius
990 2737 1132 2817 εὐφρόνη.
1156 2738 1322 2799 Homerus
1346 2737 1419 2798 sub·

141 2840 284 2899 stantivo
319 2856 382 2901 non
417 2842 520 2902 utitur
543 2837 575 2916 ²),
611 2843 695 2915 quod
730 2843 820 2901 casui
855 2844 967 2902 tamen
1000 2841 1207 2902 tribuendum
1243 2841 1305 2915 est,
1337 2855 1418 2900 narn

141 2942 337 3001 adieetivum
358 2939 503 3019 όρφνοιῖος
523 2944 640 3016 legitur
659 2945 692 3003 in
712 2944 873 3005 locutione
892 2943 985 3002 νύκτα
1007 2937 1041 3003 δι’
1058 2939 1208 3021 ὀρφναίην
1228 2944 1258 3000 K
1270 2942 1325 3019 83,
1340 2943 1417 3019 276,

142 3043 206 3103 386
230 3065 240 3100 ι
265 3045 346 3119 343;
372 3046 544 3106 cohaerent
567 3049 679 3106 autern
702 3044 802 3123 ἔρεβος
827 3048 859 3106 et
879 3044 1014 3123 μόρφνος
1038 3044 1070 3102 Ω
1093 3046 1166 3105 316.
1186 3044 1319 3104 Ionibus
1341 3060 1419 3106 vero

141 3141 269 3209 (Herod.
304 3146 501 3222 Hippocrati
532 3148 565 3207 in
595 3164 658 3207 usu
688 3147 750 3207 fuit
780 3145 925 3225 εὐφρόνη,
948 3163 1029 3220 quae
1054 3163 1118 3208 vox
1142 3162 1217 3207 cum
1241 3143 1419 3225 εὐφραίνειν

175 3463 195 3523 ¹)
213 3469 310 3514 Horum
338 3470 537 3528 compositorum
563 3471 650 3517 littera
666 3490 683 3528 μ
701 3471 750 3516 etsi
767 3471 850 3529 ipsius
867 3470 960 3517 radicis
978 3483 1038 3530 pers
1057 3472 1104 3530 est,
1123 3466 1311 3529 posterioribus
1331 3471 1419 3515 umen

141 3550 251 3595 insiticia
276 3549 356 3596 videri
383 3550 481 3606 debuit,
507 3552 528 3596 si
555 3551 739 3609 comparabant
765 3551 876 3609 simplex
900 3553 997 3615 μροτόςς
1021 3550 1077 3595 fleri
1097 3550 1175 3609 igitur
1192 3551 1295 3608 poteret
1311 3551 1344 3595 nt
1361 3548 1421 3594 aliis

142 3629 274 3675 vocabulis
290 3629 402 3675 litteram
419 3649 435 3687 μ
456 3627 506 3692 (vel
525 3628 546 3688 ν)
566 3629 597 3676 de
615 3643 662 3677 suo
680 3631 829 3677 insererent.
847 3631 912 3677 Hine
931 3630 1055 3689 originem
1073 3629 1169 3676 habere
1186 3627 1306 3675 ridentur
1321 3641 1420 3688 pram

142 3709 239 3755 formae
265 3710 394 3769 ἀμπνύνθη
419 3712 526 3770 ἀμφασίη
552 3722 599 3769 pro
625 3702 1420 3772 ἀμηνόθη,ἀφασ1η.Ε1ἰτῃ1111118811111111όμβριμος(1.α.Ρ1·ο

142 3786 247 3852 ὄμριμος)
265 3788 324 3835 hine
344 3787 456 3836 litteram
473 3808 490 3847 μ
510 3791 641 3848 recepisse
661 3789 784 3835 credibile
802 3792 850 3844 est,
868 3802 1024 3848 quamquam
1043 3789 1094 3848 ipsi
1111 3787 1191 3834 radici
1211 3800 1268 3834 eam
1284 3788 1421 3835 vindioont

142 3868 203 3914 Fiolr
222 3870 248 3914 et
265 3869 321 3922 alii;
340 3882 391 3928 qna
408 3868 440 3915 de
458 3883 485 3915 re
503 3868 621 3915 videatur
638 3867 748 3915 Lexieon
766 3870 841 3916 Hom.
859 3867 977 3927 Ebeling.
995 3883 1015 3915 a.
1033 3881 1057 3915 r.
1070 3894 1100 3902 -
1118 3868 1256 3914 Praetores
1273 3866 1420 3926 oompmri

141 3950 227 4007 potest
250 3961 342 3994 nomen
371 3952 563 4010 Κλυταιμνήστρη
584 3961 630 4008 pro
654 3951 840 4012 Κλυτοιμηστρη.
860 3962 926 4008 qnae
945 3949 1027 3995 forma
1044 3948 1155 3994 Homero
1173 3946 1283 3993 fortasse
1300 3948 1343 3992 est
1360 3945 1418 3992 red·

142 4027 225 4073 denda
246 4027 303 4073 ooll.
321 4033 415 4090 μήστωρ
435 4031 497 4083 ο1ο.;
516 4028 567 4074 vid.
586 4029 615 4075 G.
635 4023 733 4087 Meyer²
751 4041 776 4087 p.
795 4031 852 4075 259.

175 4108 270 4153 Contra
288 4108 369 4153 eiecto
386 4107 439 4153 sive
458 4108 576 4165 neglecte
593 4111 633 4154 est
650 4108 736 4154 littera
753 4127 769 4166 μ
788 4108 829 4154 vel
848 4126 860 4152 ν
880 4108 1043 4167 sequentium
1065 4119 1171 4153 vocum:

408 4189 497 4250 ἀβρότη
514 4186 673 4252 ἀβροτάξομεν
691 4189 703 4247 5
723 4190 764 4235 28.

408 4270 524 4328 ἀάσχιτος
541 4269 591 4324 leg.
609 4270 751 4328 ἀνάνσχττος
768 4273 789 4315 Ε
806 4271 853 4315 892
872 4271 896 4316 Ω
915 4271 971 4316 708.

408 4338 494 4397 atam
512 4349 560 4407 leg.
580 4350 680 4401 eterra
697 4367 714 4409 φ
733 4350 762 4394 91
783 4367 799 4409 χ
821 4351 834 4395 5
854 4353 880 4396 ιι
894 4352 1010 4404 avemo,-
1026 4351 1054 4397 Ξ
1069 4350 1126 4396 aar.

176 4423 197 4490 ²)
217 4429 277 4473 Hes,
304 4429 379 4487 Oper.
407 4428 454 4474 580
480 4428 575 4486 legitur
600 4430 687 4491 μακρο1
715 4430 758 4490 γάρ
785 4432 907 4492 ἀντίρροθοι
934 4431 1043 4492 εὐφρόναι
1071 4430 1121 4475 etat.
1144 4428 1193 4474 Hic
1216 4426 1311 4474 leuari
1329 4428 1420 4487 posset

142 4509 226 4570 ὄρηται
244 4510 301 4561 ἔασι,
326 4509 374 4554 nisi
393 4509 526 4567 praeterea
543 4507 663 4553 vitiosum
682 4510 751 4552 osset
767 4512 890 4571 1π1ρροθοι
908 4522 955 4569 pro
973 4512 1134 4572 1ιῐιτάρρο8οι,
1151 4507 1201 4552 vid.
1219 4519 1269 4552 ran
1290 4506 1420 4553 Leeuwen

142 4589 265 4634 Mnemon.
286 4589 349 4634 1885
369 4600 394 4646 p.
414 4588 523 4633 194-196
542 4588 568 4633 et
584 4599 663 4645 supro
680 4599 738 4646 pag.
757 4588 796 4633 69.
