3120 5124
732 419 815 464 LXIII

142 594 169 657 a
197 590 262 657 οἷον
289 594 323 656 τὸ
356 599 425 673 κρῖ
440 590 500 676 καὶ
527 591 559 653 τὸ
584 591 642 651 δῶ.
666 587 880 670 ἐξηλλαγμένον
904 585 937 649 ol
960 588 1031 649 ὅταν
1053 597 1106 649 τοῦ
1130 585 1352 667 ὀνομαζομένου
1375 589 1408 648 τὸ

142 694 189 776 μὲν
212 695 375 779 καταλείπῃ
398 692 430 754 τὸ
454 689 487 753 δὲ
507 702 590 777 ποιῇ,
612 685 677 752 οἷον
698 691 730 753 τὸ
754 688 960 770 δεξιτερὸν
990 688 1087 750 κατὰ
1114 688 1247 768 μαζὸν,
1269 687 1334 750 ἀντὶ
1357 698 1409 750 τοῦ

140 798 277 872 δεξιόν.
313 799 356 858 Et
388 797 507 858 clarius
540 795 640 855 etiam
672 794 768 854 XXII
798 791 818 868 ξ
843 794 863 852 8
887 807 953 865 eq.:
989 790 1045 852 οὐκ
1079 789 1228 870 ἐλάχιστον
1260 788 1292 851 δὲ
1323 788 1410 870 μέρος

140 899 355 980 συμβάλλονται
389 897 430 969 εἰς
463 895 496 956 τὸ
527 891 620 971 σαφὲς
650 902 702 972 τῆς
733 890 835 967 λέξεως
864 890 914 952 καλ
945 890 985 970 μή
1016 890 1165 952 ἰδιωτικὸν
1194 893 1228 952 αι’
1245 889 1410 963 ἕπεκτολοεις

140 1001 185 1062 καλ
216 998 370 1063 ἀττοκοτταλ
400 996 450 1059 καλ
480 993 635 1076 ἐξαλλαγαλ
665 1004 724 1056 τῶν
747 991 910 1073 ὀνομάτων·
934 992 984 1054 διὰ
1007 989 1061 1072 μὲν
1084 991 1140 1074 γὰρ
1163 992 1196 1054 τὸ
1219 990 1313 1066 ἄλλως
1336 992 1411 1073 ἔχειν

139 1101 219 1183 ἢὼς
241 1102 276 1164 τὸ
298 1103 405 1182 κύριον
427 1097 509 1179 παρὰ
532 1097 564 1159 τὸ
587 1096 696 1168 εἰωθὸς
719 1096 895 1178 γιγνόμενον
917 1094 950 1156 τὸ
973 1094 1014 1173 μὴ
1038 1096 1187 1157 ἰδιωτικὸν
1210 1097 1340 1175 ποιήσει,
1361 1094 1411 1156 διὰ

140 1201 169 1266 δὲ
191 1204 224 1266 τὸ
247 1209 405 1265 κοινωνεῖν
428 1210 480 1262 τοῦ
505 1198 646 1273 εἰωθότος
669 1199 702 1261 τὸ
726 1194 819 1276 σαφὲς
843 1197 931 1259 ἔσται.
959 1193 1022 1259 ὥστ’
1049 1198 1105 1260 οὐκ
1128 1195 1228 1278 ὀρθῶς
1252 1197 1412 1280 ἐπιψέγον-

141 1325 185 1366 σιν
216 1307 249 1367 οἱ
269 1303 456 1382 ἐπιτιμῶντες
486 1313 526 1386 τῷ
551 1302 675 1386 τοιούτῳ
701 1299 800 1386 τρόπῳ
823 1308 875 1379 τῆς
898 1298 1050 1362 διαλέκτου
1075 1299 1125 1361 κοιλ
1148 1302 1412 1387 διακωμμδοῦντες

140 1408 188 1469 τὸν
217 1405 358 1486 ποιητὴν,
386 1399 452 1468 οἷον
484 1404 651 1482 Εὐκλείδης
681 1401 697 1464 ὁ
721 1402 851 1482 ἀρχαῖος,
882 1400 922 1475 ὡς
953 1402 1057 1486 ῥᾴδιον
1087 1394 1186 1464 ποιεῖν
1211 1403 1241 1464 εἴ
1258 1427 1302 1476 τις
1325 1403 1413 1464 δώσει

142 1509 277 1570 ἐκτείνειν
307 1504 350 1585 ἐφ’
385 1504 496 1569 ὁκόσον
528 1506 673 1587 βούλεται.
707 1507 790 1580 Ergo
823 1507 976 1567 censebat
1006 1506 1200 1567 Aristoteles
1232 1506 1412 1567 Homerum

142 1613 289 1673 libertate
312 1611 377 1686 illa,
401 1626 499 1684 quam
524 1609 707 1684 crepabant,
733 1624 829 1669 vocas
849 1608 985 1681 augendi
1007 1609 1173 1669 minuendi
1192 1610 1262 1669 iure
1282 1610 1413 1669 streete

143 1730 237 1775 usum
269 1729 342 1775 esse
369 1714 407 1771 ut
430 1711 604 1772 dictionem
628 1711 831 1785 perspicuam
856 1725 913 1770 nec
937 1711 1048 1769 tamen
1075 1709 1240 1784 vulgarem
1264 1726 1413 1784 seseque·

144 1817 246 1877 retur:
279 1816 331 1874 sui
362 1815 434 1874 aevi
465 1828 561 1874 voces
593 1828 667 1872 eum
700 1811 885 1871 adhibuisse
909 1826 949 1871 ne
980 1811 1164 1885 suspicatus
1187 1812 1318 1885 quidem
1341 1826 1413 1873 esse

146 1918 269 1978 videtur
289 1922 321 1986 ¹).

185 2018 327 2080 Genitivi
358 2019 465 2092 igitur,
497 2016 602 2091 qualis
634 2019 685 2077 est
715 2014 890 2092 μελισσάων,
920 2015 1188 2075 ecommunibus
1219 2015 1332 2075 formis
1356 2019 1414 2091 (με-

146 2125 259 2189 λισσῶν)
295 2120 504 2180 distractione
538 2115 707 2189 (ἐπιστάσει)
750 2119 819 2178 nati
854 2133 926 2178 esse
961 2117 1172 2178 credebantur
1207 2119 1281 2188 (vid.
1314 2117 1413 2177 schol.

148 2221 264 2299 687);
295 2221 335 2282 de
357 2222 530 2282 verborum
553 2219 665 2280 formis
688 2219 853 2279 distractis
876 2220 1046 2280 videantur
1069 2234 1151 2292 quae
1175 2219 1414 2293 disputavimus

147 2325 225 2385 inira
247 2325 281 2383 in
304 2324 323 2392 ἓ
347 2324 419 2383 191.
445 2322 641 2399 Quapropter
663 2320 819 2380 κυανεάων
838 2321 915 2382 Hes.
940 2321 1027 2381 Soui.
1054 2323 1071 2381 7
1093 2321 1170 2394 quin
1193 2321 1309 2397 neutri,
1333 2322 1415 2398 Κρη-

146 2424 221 2484 ιίων
253 2425 270 2497 ξ
303 2425 365 2486 193
397 2424 474 2497 quin
505 2423 678 2483 masculini
709 2426 797 2483 esset
826 2438 890 2483 non
913 2422 1120 2498 dubitabant;
1152 2422 1207 2483 alii
1230 2420 1418 2499 Σειρηνοίων,

146 2525 262 2603 νησαίων
290 2528 323 2586 et
354 2525 475 2610 similia
505 2526 654 2600 portenta
683 2522 848 2584 finxerunt
867 2519 899 2594 ²).
932 2524 1142 2585 Homericum
1171 2524 1414 2584 subiunctivum

147 2627 264 2705 θείομεν
296 2627 481 2687 communis
503 2627 590 2686 vitae
614 2625 719 2686 forma
740 2629 844 2702 θῶμεν
864 2626 911 2685 ita
931 2626 1100 2687 videbatur
1122 2626 1271 2702 edidisse,
1296 2627 1333 2686 ut
1355 2625 1414 2700 pri·

147 2747 234 2791 mum
250 2730 506 2804 distractionem,
527 2729 640 2790 deinde
658 2728 911 2804 productionem,
928 2729 1060 2789 tandem
1073 2728 1306 2802 correptionem
1318 2741 1416 2803 passa

148 2835 247 2892 esset:
280 2835 384 2906 θῶμεν
409 2864 450 2874 -
473 2827 591 2907 θέωμεν
614 2864 653 2873 -
674 2828 804 2906 θείομεν
827 2863 865 2873 -
883 2829 1014 2907 θείομεν.
1046 2830 1148 2907 Quam
1180 2830 1274 2891 facile
1304 2832 1416 2890 autem

148 2949 240 2994 voces
271 2932 474 3007 Homericae,
505 2946 587 3005 quae
620 2947 775 2992 versuum
798 2933 942 2992 numeris
966 2933 1135 2993 nonsatis
1159 2933 1416 3008 defenderentur,

148 3035 228 3094 inber
249 3033 399 3093 homines
422 3033 477 3106 qui
500 3033 546 3092 ita
569 3033 775 3106 opinarentur
797 3033 941 3107 vulgaris
962 3035 1111 3095 dictionis
1137 3035 1258 3094 formas
1285 3035 1417 3095 induere

148 3136 308 3209 potuerint
337 3151 400 3209 quo
423 3138 569 3210 tempore
591 3137 624 3195 in
647 3150 701 3196 ore
725 3136 916 3210 praesertim
941 3136 1136 3197 Graecorum
1160 3136 1304 3196 carmine
1327 3136 1417 3209 spica

151 3238 309 3313 vivebant,
332 3222 398 3298 'vix
431 3239 482 3298 est
513 3253 570 3298 cur
600 3252 763 3314 moneam,
796 3254 899 3311 neque
931 3238 1081 3313 exempla
1112 3239 1157 3298 rei
1187 3254 1270 3312 quae
1292 3241 1416 3312 passim

151 3340 238 3399 nobis
260 3339 431 3400 indicanda
455 3339 517 3399 erit
539 3339 591 3399 hic
614 3339 747 3414 proferri
771 3355 850 3414 opus
874 3343 925 3400 est
944 3340 976 3409 ³).

153 3513 341 3524 --...-.--

180 3631 199 3698 ¹)
216 3636 253 3683 Ne
279 3636 435 3684 recentiores
462 3635 567 3696 quidem
594 3637 739 3696 philologos
765 3638 829 3684 satis
854 3651 958 3697 semper
984 3638 1083 3686 cavisse
1109 3653 1142 3686 ne
1167 3639 1192 3686 in
1215 3639 1284 3687 huno
1305 3653 1418 3688 errorem

152 3715 288 3763 inciderent
312 3716 407 3776 insigni
432 3717 552 3776 exemplo
577 3715 712 3763 docuimus
737 3716 804 3763 inira
829 3731 855 3776 p.
880 3717 912 3763 45
939 3720 1006 3774 not.;
1032 3719 1168 3765 rideantur
1193 3720 1271 3766 etism
1298 3732 1364 3778 quae
1388 3720 1420 3767 de

153 3795 280 3841 nominum
297 3795 324 3841 in
343 3799 391 3849 -ιος
407 3795 515 3842 flexione
533 3795 726 3842 observavimus
744 3809 769 3855 p.
789 3797 846 3842 231.

183 3871 202 3935 ¹)
218 3873 275 3920 vid.
293 3874 393 3921 Gallim.
411 3874 437 3921 h.
456 3871 510 3921 Del.
530 3876 571 3935 66,
589 3876 646 3936 275,
664 3876 749 3932 Quint
768 3877 867 3936 Smyrn.
884 3877 919 3924 1v
939 3879 995 3939 212,
1014 3879 1086 3925 Orac.
1105 3878 1194 3936 Sibyll.
1212 3879 1225 3925 1
1243 3878 1290 3925 223
1309 3879 1345 3926 XI
1365 3881 1421 3941 164,

155 3951 256 4013 Oppiae.
281 3953 376 4013 (tp-neg.
398 3953 432 4000 IV
453 3954 511 4011 662,
529 3954 609 4001 schol.
630 3959 653 4002 Τ
667 3958 690 4013 1,
708 3957 780 4003 Erret
805 3958 878 4018 1663,
896 3958 936 4014 56,
955 3958 1037 4017 Apoll.
1060 3957 1109 4004 lex.
1127 3971 1147 4004 s.
1164 3971 1188 4004 v.
1207 3961 1272 4013 λάων,
1289 3959 1321 4004 Η.
1341 3958 1422 4005 Flech

155 4031 257 4079 tltestsn
282 4032 588 4080 Hesiod-hsndsehriften
614 4048 640 4094 p.
667 4036 751 4082 1416.
777 4036 861 4082 Etiam
888 4039 974 4082 textus
997 4037 1158 4083 Herodoteus
1184 4037 1264 4084 salsae
1287 4039 1421 4097 analogius

156 4112 289 4170 specimina
316 4125 375 4159 oum
400 4112 545 4172 frequentis
569 4115 624 4160 tum
648 4114 758 4173 insignis
781 4113 919 4161 admodum
942 4115 1058 4175 praebet,
1076 4116 1101 4161 in
1119 4130 1170 4175 qno
1189 4118 1302 4164 duratam
1319 4119 1422 4177 λγινίαιο

156 4191 263 4240 tantm
285 4193 400 4240 λδικσίιοι
425 4195 592 4257 παρισούμενος
616 4195 643 4241 st
664 4194 766 4250 similis,
786 4207 853 4252 quse
871 4195 965 4241 tradite
982 4198 1043 4242 sunt
1059 4209 1106 4255 pro
1122 4198 1234 4242 ἀπίκοντο
1251 4200 1353 4255 ἐγίνοντο
1370 4198 1422 4245 διο-

156 4273 223 4331 τίψ
251 4271 368 4319 &miens
399 4274 575 4336 παρισούμενος,
609 4271 641 4319 sd
666 4274 836 4321 imitationem
863 4275 999 4322 verborum
1025 4277 1095 4321 recte
1123 4276 1289 4324 formatorum
1317 4277 1422 4343 ὡρμλαιο

157 4352 271 4399 ararim
288 4352 409 4411 Διομήδεα
426 4354 480 4410 ἐμοῦ
496 4354 545 4398 sto.
563 4355 625 4399 sunt
641 4356 768 4414 corrupta.

186 4427 278 4493 ¹)Vid.
305 4443 375 4490 quse
400 4444 459 4491 pag.
486 4432 538 4492 4-7,
564 4433 604 4490 15,
622 4434 662 4492 66,
682 4434 713 4480 74
729 4447 777 4493 σο,
795 4436 851 4491 136,
870 4435 990 4486 266-202,
1009 4436 1057 4482 217
1075 4448 1139 4494 τοο,
1158 4436 1205 4481 233
1224 4448 1272 4494 σο,
1290 4437 1338 4483 255
1357 4451 1422 4496 sqq,

158 4509 208 4570 263,
232 4512 279 4558 236
303 4524 353 4570 ιο,
379 4511 437 4566 617,
461 4511 518 4567 316,
541 4511 598 4572 622,
621 4512 678 4571 666,
704 4514 751 4559 421
776 4526 841 4572 τοο,
859 4516 915 4575 444,
933 4516 990 4565 454,
1008 4516 1065 4573 461,
1083 4516 1131 4561 432
1150 4528 1197 4573 sq„
1216 4517 1273 4576 520,
1291 4518 1349 4578 532,
1367 4519 1424 4571 546,

158 4587 716 4649 wQOmmmf
