3120 5124
167 435 181 502 i
200 435 255 503 101]
738 439 797 496 271

167 618 269 680 interest
296 621 475 684 addaturne
520 639 561 684 an
592 625 765 685 omittatur
795 624 954 698 particula
983 645 1023 700 τε,
1062 626 1155 686 cuius
1192 626 1318 699 propria
1354 625 1404 684 vis

167 721 289 830 opoetis
320 723 445 784 sensim
485 725 633 799 neglecta
666 741 739 787 esse
777 725 914 801 videtur,
949 726 996 785 ita
1031 728 1068 785 ut
1103 728 1211 787 versui
1246 728 1403 802 explendo

168 822 289 882 nservire
310 826 431 897 posset.

197 1023 261 1085 loco
291 1029 491 1101 pronominis
525 1031 653 1091 relativi
691 1046 787 1106 saepe
822 1031 992 1092 adhibetur
1027 1033 1257 1106 anaphoricum
1293 1046 1403 1106 prono·

169 1136 221 1185 neu
239 1124 254 1186 i
272 1125 291 1205 ἢ
312 1128 354 1188 τό.
378 1130 448 1205 Qua
471 1131 510 1191 de
534 1147 568 1192 re
597 1132 635 1192 V.
661 1133 701 1193 H.
732 1134 822 1193 Koch
855 1134 888 1192 in
920 1134 1023 1194 lexico
1053 1134 1198 1208 Ebelingi
1222 1134 1253 1194 ΙΙ
1277 1150 1306 1208 p.
1349 1134 1405 1193 19v

169 1230 229 1288 reete
251 1230 294 1290 ita
316 1233 445 1293 scribit:
486 1249 681 1308 „pronomen
705 1235 1000 1295 demonstrativum
1022 1236 1056 1295 in
1082 1235 1244 1295 sententia
1266 1235 1405 1308 ponitur,

171 1340 243 1399 ,quae
263 1333 353 1405 quasi
373 1348 430 1408 per
448 1335 657 1408 parenthesin
676 1338 817 1397 sermoni
839 1338 962 1396 inserta
987 1337 1157 1410 paullatim
1182 1336 1262 1395 abiit
1280 1337 1313 1395 in
1337 1351 1405 1396 sen-

171 1428 292 1498 ,ieotiam
315 1433 551 1511 secundariam,
575 1451 673 1509 quam
691 1452 751 1497 nos
770 1438 942 1497 relativam
964 1452 1128 1497 vocamur.
1154 1437 1242 1497 Haeo
1266 1437 1406 1497 mutatio

171 1533 270 1605 ‚coepta
301 1537 362 1610 est,
398 1551 461 1596 non
495 1538 644 1599 absoluta
675 1540 758 1612 apud
791 1538 982 1614 Homerum,
1015 1539 1069 1611 qui
1094 1539 1332 1598 existimandus
1354 1539 1405 1598 est

171 1627 252 1705 ‚longo
291 1638 484 1711 saepissime
525 1640 817 1701 demonstrativam
852 1643 986 1714 putasse
1021 1655 1120 1713 quam
1155 1655 1215 1700 uos
1249 1654 1406 1700 vocamus

171 1732 328 1801 ‚ulahvam
358 1741 455 1812 atque
486 1741 533 1800 ita
565 1743 754 1802 vertimus.”
785 1741 926 1802 Conferri
947 1745 1083 1815 possunt
1106 1742 1278 1815 ambiguae
1302 1744 1404 1816 potes-

170 1832 224 1895 bru
249 1842 437 1912 pronomina
458 1843 515 1918 uie,
539 1843 648 1903 datin
672 1843 802 1916 Belgica
825 1843 945 1917 lingua,
969 1843 1034 1917 der,
1056 1843 1115 1916 dic,
1139 1845 1196 1903 dus
1219 1845 1252 1902 in
1277 1843 1405 1903 Germa·

170 1932 225 1996 nica
254 1940 289 1999 In
319 1942 410 2016 opica
443 1945 552 2004 autem
585 1944 723 2004 dictione
754 1946 843 2018 ipsae
874 1944 996 2005 formae
1028 1945 1277 2006 demonstrativi
1308 1948 1404 2017 atque

169 2035 263 2101 ulativi
283 2043 467 2118 complures
490 2049 568 2106 sunt
590 2047 793 2107 consimiles:
819 2043 861 2122 ὅς,
884 2043 913 2122 ἥ,
936 2044 974 2121 oi,
997 2044 1038 2121 αἴ,
1060 2047 1107 2105 ita
1131 2048 1168 2106 ut
1191 2062 1231 2106 ne
1251 2046 1406 2118 distingui

169 2140 265 2209 quidem
301 2147 444 2222 possint;
475 2162 558 2221 quae
589 2150 701 2208 tamen
730 2147 832 2208 fallax
866 2149 919 2207 est
949 2146 1137 2222 similitudo,
1169 2163 1247 2208 nam
1277 2148 1405 2207 demon-

170 2242 264 2307 shotivi
287 2248 381 2308 radix
412 2250 464 2309 est
494 2264 553 2325 ro,
575 2249 639 2310 vid.
672 2263 743 2323 pag.
774 2250 849 2323 263,
874 2248 1002 2308 relativi
1030 2263 1105 2308 vero
1124 2269 1174 2324 Jo-
1198 2249 1335 2319 (Sanscr.
1352 2246 1408 2320 jas

165 2342 266 2421 uiuo.

196 2446 283 2511 litium
315 2453 573 2514 demonstrativo
602 2453 784 2528 pronomini
819 2449 836 2510 ὅ
870 2449 889 2528 ἥ
924 2449 967 2526 τό,
1000 2451 1053 2511 ubi
1077 2451 1205 2511 relativi
1227 2452 1296 2512 loco
1320 2451 1406 2510 adhi-

172 2547 247 2612 bitum
269 2557 330 2629 est,
354 2554 539 2627 frequenter
566 2555 771 2628 subiungitur
801 2553 959 2628 particula
984 2574 1022 2612 τε.
1053 2554 1181 2628 Proprie
1205 2555 1315 2612 autem
1343 2549 1359 2610 u
1381 2573 1410 2610 τε

168 2651 294 2724 amilcar
323 2657 419 2731 uque,
450 2656 534 2728 ero,
565 2657 622 2717 sed
653 2656 768 2716 multis
798 2655 877 2715 locis
906 2657 1020 2729 poetae
1048 2655 1131 2715 banc
1154 2654 1338 2714 encliticam
1361 2654 1405 2714 in·

169 2755 313 2826 wutanoer
336 2756 500 2818 addidisse
524 2758 685 2818 videntur.

197 2957 337 3023 llotabilis
358 2965 409 3022 est
435 2961 612 3036 particulae
635 2958 690 3039 γάρ
714 2976 795 3021 usus
818 2963 891 3034 post
914 2959 1090 3019 relativum
1114 2960 1229 3029 (neutr.
1255 2959 1410 3032 generisi:

169 3046 233 3140 liu
251 3065 487 3124 ru344=asv
508 3064 542 3124 et
564 3063 796 3122 ²159=u19o
818 3061 1003 3135 comparari
1026 3062 1134 3134 potest
1154 3058 1204 3117 aa
1222 3057 1279 3138 γὰρ
1299 3062 1328 3118 rr
1350 3061 1411 3119 127

169 3160 220 3223 etl.
238 3181 262 3226 a.
285 3187 301 3226 0
327 3166 391 3225 239
417 3163 469 3224 ὅθι
491 3161 547 3243 γὰρ
571 3180 627 3239 pro
650 3163 719 3223 τόθι
742 3164 793 3234 (cl.
818 3164 836 3232 5
864 3164 949 3238 322),
974 3177 1077 3235 neque
1101 3162 1229 3223 diversa
1253 3164 1304 3222 est
1329 3162 1412 3221 ratio

122 3262 124 3351 j
169 3272 211 3330 luc
233 3267 387 3341 particula
416 3265 472 3345 γάρ
503 3266 745 3339 interrogativis
778 3265 850 3324 addi
883 3264 967 3324 solet
991 3267 1065 3334 (πῶς
1087 3262 1154 3342 γάρ,
1182 3261 1226 3334 τίς
1248 3262 1303 3342 γάρ
1329 3265 1412 3333 etc).

122 3412 124 3417 ,
168 3355 285 3429 I‘vitasse
315 3370 417 3429 etiam
452 3370 487 3426 Ψ
506 3367 570 3427 854
601 3369 664 3426 huc
695 3367 850 3440 pertinet:
883 3355 919 3442 ἧς
952 3359 995 3442 ἄρ’
1031 3381 1106 3426 cum
1131 3365 1151 3424 l.
1173 3381 1202 3425 a.
1231 3354 1268 3441 ἧς
1290 3362 1357 3443 γὰρ,
1379 3367 1412 3424 et

122 3500 126 3607 ἰ
171 3462 232 3528 ill
258 3468 515 3548 Hpropldeor·vori
544 3466 600 3546 γάρ
631 3466 679 3547 ῥα,
708 3467 762 3527 ubi
786 3467 983 3527 coniecimus
1018 3460 1194 3544 'Hprupldo'
1210 3483 1215 3494 ·
1229 3457 1265 3525 οὗ
1289 3465 1345 3544 γάρ
1366 3465 1415 3544 ῥα,

167 3565 294 3641 utre.

122 3616 125 3703 ξ
193 3669 249 3734 lion
270 3677 357 3735 recte
380 3688 398 3733 e
421 3672 501 3733 locis
520 3687 618 3746 supra
637 3671 746 3730 allatis
766 3671 912 3731 effeceris
933 3687 1110 3745 pronomen
1135 3670 1411 3730 demonstrativum

163 3767 311 3850 inlingua
341 3775 515 3835 Homerica
545 3774 697 3834 habuisse
721 3773 869 3833 neutrius
897 3773 1024 3846 generis
1049 3773 1188 3831 formam
1213 3769 1230 3829 ὅ
1241 3794 1273 3814 =
1287 3770 1326 3830 ui.
1351 3771 1412 3831 hle·

160 3868 220 3935 liora
247 3878 316 3938 iure
347 3877 530 3952 suspicetur
561 3876 723 3950 quispiam
754 3874 1006 3935 describentium
1035 3889 1141 3934 errore
1175 3872 1323 3932 voculam
1355 3872 1410 3948 γάρ

157 3973 208 4037 illio
238 3978 298 4053 legi
331 3994 388 4054 pro
422 3999 487 4058 περ,
517 3993 599 4051 quas
630 3977 806 4052 particulas
837 3976 991 4037 facillime
1020 3976 1164 4049 potuisse
1196 3972 1347 4034 confundi
1380 3975 1413 4032 et

154 4090 235 4154 saepe
275 4081 426 4142 confusas
472 4095 544 4140 esse
588 4079 728 4153 scimus;
771 4079 829 4138 sed
869 4094 910 4138 ne
953 4078 1032 4137 haec
1073 4077 1202 4150 quidem
1245 4075 1409 4148 correctio,

151 4185 349 4256 quantumvis
371 4182 466 4257 lenis,
491 4181 676 4242 necessaria
700 4180 836 4240 videtur.
863 4178 908 4239 Of.
935 4173 1058 4238 Monro²
1080 4193 1110 4251 p.
1135 4177 1209 4237 318.

184 4385 380 4445 Adverbium
415 4382 455 4457 ὡς
486 4389 520 4445 ut
544 4384 830 4459 (quemadmodum)
855 4384 908 4442 ubi
930 4382 1073 4443 additam
1098 4381 1195 4440 habet
1218 4379 1412 4454 particulam

138 4510 165 4550 τε
188 4489 229 4559 (Γ
248 4487 288 4547 22
312 4489 396 4563 etc),
419 4504 483 4548 non
506 4488 765 4549 confundendum
789 4488 840 4545 est
863 4501 938 4545 curn
963 4484 1073 4544 Attica
1092 4483 1251 4557 particula
1271 4480 1342 4540 ὥστε
1366 4483 1411 4541 itu

136 4596 178 4670 ut,
203 4605 269 4665 qua
289 4590 453 4651 Homerus
475 4604 539 4651 non
562 4591 673 4650 ut'tur.
698 4588 829 4648 Duobus
852 4589 982 4647 tantum
1007 4586 1087 4645 locis
1106 4607 1125 4642 α
1148 4585 1251 4662 227β
1277 4585 1338 4645 137
1359 4598 1412 4644 res
