3120 5124
807 326 827 385 8
1379 326 1453 397 [53

182 518 340 591 sequenti.
376 519 413 577 ln
447 516 653 590 inscriptione
691 515 803 575 Collitz
838 510 950 576 3342³²
981 504 1075 592 ἦλθεν
1106 511 1228 591 κάμνων
1260 517 1311 575 est
1343 514 1456 574 exitus

183 619 382 692 hexametri3
407 618 461 678 ubi
485 617 679 690 quantillum
703 618 809 677 fuerat
832 612 928 693 ἤλυθε
951 631 1095 677 exarare.

229 721 290 782 Sed
312 722 392 781 haec
415 722 449 781 et
467 719 588 779 similia
612 713 634 788 ¹)
657 718 736 777 nihil
758 718 894 793 probant
916 719 979 778 nisi
1002 733 1098 778 aures
1121 734 1185 779 non
1208 719 1311 778 fuisse
1334 717 1376 778 iis
1398 718 1455 791 qui

184 823 296 882 invitis
325 823 431 882 musis
461 821 544 881 tales
567 835 682 881 versus
704 824 942 895 componerent.
967 823 1166 894 inquorum
1189 836 1325 880 numero
1350 819 1456 879 fuitne

184 925 284 984 etiam
316 924 530 984 Antimachus
562 922 799 997 colophonius?
821 924 978 984 traditum
1002 926 1088 985 certe
1113 924 1296 998 accepimus
1320 937 1397 984 eum
1420 921 1455 981 in

184 1026 247 1087 iine
270 1025 453 1086 hexametri
475 1025 601 1085 dedisse
624 1015 662 1101 ἦν
692 1020 829 1102 ἀνδρῶνι

422 1124 506 1186 Ἴδεώ
529 1120 557 1185 θ’
583 1120 617 1197 ὃς
639 1125 791 1204 κάρτιστος
815 1123 996 1204 ἐπιχθονίων
1019 1116 1057 1203 ἦν
1080 1123 1210 1205 ἀνδρῶν,

186 1231 249 1290 vid.
275 1230 470 1305 Porphyrius
493 1228 576 1303 apud
599 1228 774 1288 Eusebium
806 1229 989 1303 Praeparat.
1011 1229 1133 1301 uuang.
1159 1229 1189 1288 X
1214 1230 1234 1288 3
1258 1226 1456 1298 (Antimach.

186 1332 223 1391 ir.
260 1333 301 1390 34
336 1331 504 1402 Duebner).
540 1332 601 1392 Sed
635 1331 762 1392 credere
798 1333 914 1392 durum
950 1334 1010 1408 est,
1043 1332 1196 1405 quoniam
1227 1332 1285 1391 aut
1308 1326 1355 1389 ἔεν
1380 1329 1457 1390 dare

185 1434 312 1506 poterat
345 1436 402 1494 aut
436 1427 536 1512 μένετ’,
569 1433 601 1493 id
636 1433 720 1506 quod
755 1434 847 1493 extat
877 1434 946 1493 loco
975 1433 1147 1493 Homerico
1171 1448 1266 1505 quern
1292 1432 1459 1506 repetebat

186 1534 322 1604 (1558).
357 1536 470 1607 Itaque
505 1536 657 1609 suspecta
691 1535 742 1594 est
771 1533 852 1594 fides
882 1535 1100 1609 Lycophronis
1128 1534 1361 1594 Antimachum
1385 1548 1456 1594 con·

187 1635 273 1695 sulto
304 1636 350 1696 sic
382 1637 537 1698 cecinisse
566 1636 587 1696 l.
613 1636 633 1696 l.
657 1637 878 1696 asseverantis
904 1632 963 1712 „dg
987 1633 1037 1695 διὰ
1064 1635 1173 1713 ταύτης
1196 1642 1248 1712 τῆς
1272 1630 1458 1712 μεταθέσεως

187 1733 475 1816 ἐστηριγμένον
509 1745 576 1797 τοῦ
611 1736 786 1815 σνίχον”;
822 1740 909 1797 certe
943 1752 1040 1797 nemo
1069 1738 1162 1798 hodie
1197 1738 1226 1797 ei
1260 1736 1458 1797 assentietur

188 1838 334 1913 pulcrum
358 1839 459 1899 talem
483 1854 598 1900 versus
620 1839 739 1899 heroici
763 1839 889 1898 exitum
913 1839 1077 1901 iudicanti.

232 1941 269 2000 In
290 1942 456 2014 dactylum
476 1943 585 2002 autem
607 1942 780 2015 postquam
801 1941 928 2000 solutus
948 1942 998 2001 est
1017 1957 1074 2015 pes
1091 1942 1290 2016 penultimus
1303 1953 1457 2000 versuum

189 2042 434 2103 Homericorum
469 2058 550 2116 quos
583 2056 681 2116 supra
715 2042 931 2116 enotavimus,
967 2043 999 2102 hi
1030 2044 1160 2102 tanturn
1192 2044 1225 2103 in
1254 2042 1343 2117 poesi
1369 2041 1459 2116 opica

188 2145 313 2203 restant
336 2145 518 2205 hexametri
541 2143 704 2218 spondiaci
727 2144 760 2202 iu
786 2143 980 2216 disyllabum
1006 2146 1178 2205 exeuntes:

302 2246 319 2304 d
344 2247 407 2306 604
431 2248 462 2307 h.
488 2246 556 2307 Cer.
581 2247 644 2306 453
668 2249 721 2322 κρῖ
739 2243 853 2304 λευκόν.

301 2370 322 2423 μ
346 2350 388 2407 64
410 2345 453 2419 λὶς
475 2345 574 2425 πέτρη.

301 2450 331 2508 h.
356 2449 423 2509 Cer.
450 2452 512 2508 204
537 2453 616 2526 σχεῖν
639 2448 749 2524 θυμόν.

302 2551 394 2625 prr.
418 2552 455 2611 fr.
481 2553 511 2627 9,
537 2554 556 2611 5
580 2551 613 2610 ln
636 2550 735 2611 schol.
761 2550 850 2610 Pind.
876 2551 968 2611 Nem.
993 2552 1024 2611 X
1051 2554 1112 2612 114
1137 2548 1227 2629 ἄμφω
1250 2551 1360 2628 κοίλης.

235 2654 376 2728 Quorum
400 2654 523 2713 incerta
545 2655 597 2713 est
620 2652 791 2727 cor·rectio;
816 2654 872 2713 sed
897 2653 1031 2714 ultimos
1052 2655 1170 2715 saltem
1190 2655 1271 2715 duos
1289 2653 1378 2714 locos
1401 2653 1458 2711 aut

190 2770 251 2814 non
288 2756 395 2815 deberi
428 2757 556 2815 vetusto
590 2755 703 2828 poetae
728 2756 785 2813 aut
808 2769 870 2814 non
895 2754 979 2815 tales
1002 2758 1042 2816 ab
1067 2771 1103 2817 eo
1127 2772 1200 2817 esse
1223 2755 1365 2831 prolatos
1388 2756 1458 2814 tute

191 2856 410 2930 contenderis;
442 2856 591 2915 insolitas
622 2857 733 2915 autem
764 2855 943 2916 locutiones
965 2860 1018 2935 κρῖ
1037 2856 1142 2917 λευκόν
1166 2861 1199 2918 et
1221 2855 1266 2929 λὶς
1287 2853 1378 2934 πέτρη
1402 2870 1458 2930 pro

191 2955 328 3029 singulis
359 2957 524 3017 vocabulis
551 2958 703 3017 habuisse
728 2957 878 3016 videntur
900 2960 1058 3019 cantores.
1086 2960 1218 3020 Idemne
1248 2959 1458 3020 statuendum

192 3058 231 3117 de
259 3057 397 3118 formula
427 3052 493 3118 οὐδ’
525 3055 634 3136 ἠβαιόν
661 3057 729 3129 (nl)
762 3059 795 3117 iu
828 3059 1093 3120 hexametrorum
1114 3062 1203 3121 exitu
1226 3061 1320 3121 obvia
1339 3061 1364 3118 Β
1383 3059 1458 3133 380,

194 3162 257 3221 386
290 3162 324 3218 Ν
354 3164 427 3237 106,
455 3163 518 3222 702
542 3158 570 3223 Ξ
592 3163 651 3220 141
680 3163 708 3218 l‘
729 3162 790 3221 361
815 3183 833 3239 y
859 3162 898 3221 14
924 3177 941 3219 σ
965 3163 1029 3222 355
1053 3184 1076 3237 φ
1101 3164 1188 3223 288?
1212 3163 1292 3223 Cum
1323 3160 1460 3234 Bergkio

194 3264 280 3323 enim
304 3265 458 3336 putamus
482 3263 685 3323 scribendum
710 3277 782 3323 esse
805 3255 873 3322 οὐδ’
899 3253 919 3340 ἦ
943 3261 1031 3340 βαιάν
1059 3263 1175 3341 (paral).

238 3462 313 3544 33.
348 3468 486 3527 Schema
520 3467 617 3540 igitur
647 3466 829 3526 hexametri
860 3466 893 3525 in
921 3481 999 3526 suos
1028 3468 1126 3541 pedes
1156 3467 1262 3543 divisi,
1286 3467 1314 3527 si
1338 3466 1461 3526 nullam

194 3571 320 3630 ictuum
343 3584 538 3629 caesuraeve
561 3568 721 3628 rationem
745 3568 913 3643 habemus
937 3568 997 3628 hoc
1020 3571 1088 3630 est:
1145 3648 1153 3665 θ

241 3774 302 3835 Sed
337 3773 495 3833 eiusmodi
530 3775 657 3836 ordines
680 3775 879 3850 syllabarum
911 3773 973 3834 etsi
1001 3771 1137 3833 describi
1163 3774 1308 3845 possunt,
1332 3770 1464 3831 auribus

197 3877 252 3934 vix
282 3890 425 3947 unquam
456 3876 690 3953 percipiuntur;
716 3879 775 3936 has
799 3877 886 3936 enim
911 3875 1101 3949 praesertim
1128 3872 1274 3933 afficiunt
1297 3874 1374 3933 ictus
1397 3888 1461 3934 ver·

197 3992 294 4036 suum
329 3978 362 4036 et
395 3977 565 4038 incisiones.
601 3979 798 4053 Quapropter
832 3992 947 4037 versus
982 3976 1092 4050 epicus
1133 3975 1235 4048 signis
1273 3974 1392 4035 melius
1418 3974 1465 4034 sic

197 4080 405 4155 exprimitur:

244 4299 279 4357 In
312 4313 373 4371 quo
398 4300 563 4360 schemate
587 4306 660 4374 quui
662 4318 720 4360 nor
743 4302 787 4360 ict
789 4316 828 4360 us
850 4315 926 4374 prae
950 4299 1066 4361 ceteris
1091 4298 1199 4358 valere
1222 4296 1322 4371 vides,
1347 4295 1464 4370 duplex

235 4504 252 4571 ¹)
271 4508 383 4557 Exsere
402 4508 474 4569 possi
492 4507 621 4568 congessit
638 4507 755 4570 exempla
772 4508 879 4569 Hilberg
897 4508 913 4554 l.
931 4508 947 4554 l.
966 4521 991 4569 p.
1011 4508 1041 4554 14
1059 4519 1115 4568 sqq.
