3120 5124
759 425 817 467 XXI

148 595 257 655 Ulixis
280 595 344 656 tuit
366 597 471 669 patria
494 601 522 664 ¹t.
546 595 632 657 Alibi
657 599 767 657 autem
793 596 917 671 passim
941 595 1079 655 eundem
1100 609 1224 655 morem
1246 592 1424 654 obtinuisse

149 697 266 771 (Argis,
299 697 503 773 orchomeni,
536 698 664 772 Thebis,
693 698 830 758 Athenis
853 700 925 766 etc.)
950 696 1098 757 credibile
1123 698 1219 768 atque
1243 695 1322 754 adeo
1347 693 1423 751 veri-

148 798 258 858 simile
279 802 346 872 est;
368 814 472 872 neque
494 814 556 859 une
576 800 608 859 in
629 801 697 860 loco
718 799 877 859 demorari
897 799 1010 858 solitos
1023 813 1095 857 esse
1107 796 1253 869 singulos
1266 796 1423 868 cantores,

149 899 208 958 sed
242 899 341 959 libere
375 914 431 973 per
465 901 610 961 diversas
641 900 836 961 Graecorum
868 902 981 974 gentes
1013 898 1257 972 circumvagari,
1289 896 1425 956 libenter

150 1001 314 1061 credimus
344 1002 405 1076 ipsi
437 1004 561 1077 poetae,
594 1003 649 1076 qui
679 1024 696 1080 ρ
728 1002 792 1062 385
823 1003 907 1061 16161
935 1000 1049 1074 ξείνους
1083 1015 1214 1075 peregre
1249 999 1424 1058 adventare

149 1101 265 1161 solitos
289 1103 389 1163 etiarn
412 1100 536 1175 ἀοιδοὺς
558 1104 837 1165 commemoravit.
1265 1091 1268 1096 ’

196 1204 258 1264 Sed
289 1205 327 1264 de
358 1207 488 1266 vetusto
519 1206 574 1267 illo
605 1221 686 1267 aevo
716 1206 795 1266 nihil
830 1206 982 1266 nevimus
1009 1207 1135 1279 praeter
1159 1219 1197 1263 66
1220 1217 1302 1276 quae
1325 1208 1423 1260 aute

151 1306 321 1367 ruderibus
362 1323 464 1382 nuper
498 1310 625 1369 effossis
662 1343 701 1353 -
739 1309 771 1369 16
805 1308 921 1381 quibus
956 1307 1138 1367 litteratum
1174 1306 1422 1365 monumentum

150 1410 317 1481 repertum
348 1412 399 1468 est
429 1408 554 1470 nullum
581 1415 703 1472 —aut
733 1428 774 1472 ex
804 1412 883 1486 ipsis
914 1409 1111 1470 carminibus
1135 1406 1316 1467 Homericis
1340 1403 1423 1464 effici

149 1511 298 1584 pessunt.
330 1510 509 1584 Imaginem
542 1515 698 1588 temporis
728 1512 892 1589 praeteriti
924 1512 1067 1572 16161661
1102 1510 1256 1570 Phemius
1278 1509 1312 1566 in
1335 1506 1423 1579 regia

148 1612 315 1672 Ithaeensi
338 1617 367 1682 (οι
394 1615 466 1688 154,
492 1616 555 1675 326
580 1636 596 1691 o
621 1616 684 1675 262
708 1638 724 1693 χ
748 1616 822 1683 330)
846 1616 880 1673 et
902 1613 1104 1673 Demodocus
1127 1611 1159 1669 16
1181 1609 1329 1670 Scheriae
1349 1606 1424 1666 aula

150 1718 186 1783 (θ
217 1715 260 1774 44
292 1716 325 1774 et
348 1716 388 1774 13
420 1721 500 1788 sqq.)
531 1717 727 1791 principibus
757 1714 961 1790 epulantibus
991 1716 1145 1774 canentes
1165 1716 1205 1785 ²);
1239 1708 1422 1782 Thamyris,

148 1816 207 1888 qui
239 1831 313 1875 cum
342 1817 422 1890 ipsis
454 1817 554 1877 llusis
585 1820 708 1878 certare
739 1817 906 1887 sustinuit,
938 1831 957 1875 a
988 1813 1175 1874 Thessaliae
1204 1826 1278 1885 1636
1302 1810 1422 1883 Euryto

148 1918 290 1991 hospitio
312 1919 468 1992 exceptus
492 1933 565 1978 esse
588 1919 705 1979 dicitur
730 1920 753 1976 li
777 1921 859 1992 596;
885 1932 942 1977 nec
966 1931 1029 1976 uon
1053 1912 1155 1985 ἀοιδὸς
1175 1910 1251 1989 ἀνήρ
1272 1916 1305 1987 ³),
1325 1927 1422 1984 quern

150 2021 377 2092 Agamemnon
407 2021 441 2079 in
467 2019 587 2080 bellurn
619 2019 824 2093 proficiscens
847 2020 940 2079 uxori
966 2018 1243 2092 Clytaemnestrae
1275 2014 1423 2074 adiunxit

150 2123 189 2180 ut
213 2121 244 2180 ei
265 2137 285 2181 a
307 2122 450 2182 consiliis
473 2125 559 2182 esset
583 2126 610 2200 (γ
636 2124 720 2198 261),
743 2123 885 2182 16616161
907 2122 1028 2194 quanto
1051 2120 1084 2178 in
1108 2119 1226 2178 honore
1244 2118 1322 2176 tunc
1342 2117 1421 2175 tem·

150 2223 242 2296 poris
263 2223 383 2282 fuerint
405 2227 529 2299 poetae,
554 2224 616 2284 vid.
642 2224 741 2283 etiam
765 2245 781 2296 6
807 2222 881 2283 518.

198 2323 250 2383 Sic
284 2324 406 2384 sensim
441 2325 572 2385 exculta
601 2326 652 2384 661
682 2340 735 2384 616
766 2325 865 2399 opica,
897 2327 930 2382 et
961 2323 1030 2395 ipse
1059 2336 1174 2380 versus
1205 2320 1352 2378 heroicus
1382 2334 1423 2377 ex

150 2423 293 2484 exilibus
311 2426 413 2485 initiis
434 2426 509 2486 talis
528 2428 644 2501 prodiit
662 2427 793 2500 qualem
811 2427 973 2486 novimus.
994 2424 1144 2496 Magnam
1164 2424 1275 2481 autem
1299 2420 1424 2494 copiam

149 2527 334 2586 carminum
354 2528 566 2602 heroicorum,
590 2544 673 2602 quae
692 2529 814 2588 maiore
831 2528 995 2587 minoreve
1016 2527 1085 2584 arte
1106 2523 1284 2597 composita
1303 2524 1423 2595 essent,

148 2630 199 2688 ita
221 2629 333 2688 natam
353 2644 426 2689 6666
446 2631 479 2689 61
498 2646 553 2705 661
573 2632 741 2690 6661611116
762 2645 818 2690 616
838 2630 1059 2703 propagatam,
1080 2625 1173 2684 facile
1195 2623 1424 2696 intellegimus.

196 2729 257 2789 Illa
290 2731 398 2790 aetate
432 2731 494 2791 diis
528 2732 630 2792 indita
664 2733 742 2791 sunt
776 2731 990 2804 cognomenta
1020 2727 1129 2800 qualia
1160 2728 1237 2785 sunt
1269 2724 1425 2802 61611616

150 2830 239 2901 Ζεύς,
249 2829 424 2890 Ποσειδάων
436 2831 575 2911 γαιήοχος
591 2830 766 2912 ἕνοσίγαιος,
778 2832 891 2911 βοῶπις
902 2830 1008 2891 πότνια
1019 2825 1111 2907 Ἥρη,
1121 2831 1289 2907 γλαυκῶπις
1302 2825 1424 2903 Ἀθήνης

148 2933 208 2991 illa
239 2935 345 2993 aetate
377 2927 518 3006 epitheta
540 2933 636 3004 πόδας
660 2930 738 3004 ὠκὺς
762 2932 914 3011 Ἀχιλλεύς,
937 2929 1137 3005 πτολίπορθος
1156 2923 1325 2998 Ὀδυσσεύς,
1348 2926 1424 3005 βοὴν

148 3032 269 3112 ἀγαθὸς
294 3031 449 3105 Μενέλαος
473 3034 599 3109 aliaque
623 3036 792 3111 eiusmodi,
817 3050 899 3108 quae
922 3035 1028 3095 certas
1052 3032 1091 3092 ob
1115 3046 1232 3090 causas
1254 3030 1425 3103 aliquando

148 3136 337 3209 excogitata
367 3152 440 3196 6666
471 3152 567 3198 nemo
599 3153 662 3198 non
694 3137 862 3212 intellegit,
886 3137 932 3196 ita
956 3150 1030 3195 curn
1055 3133 1240 3194 nominibus
1263 3133 1332 3191 suis
1355 3147 1423 3191 con·

149 3240 325 3298 6161611161
358 3240 396 3298 ut
430 3241 568 3313 posteris
603 3239 747 3312 integras
782 3238 929 3298 notiones
960 3235 1087 3296 efficere
1118 3234 1311 3307 viderentur,
1343 3248 1425 3305 quae

148 3338 287 3412 passim,
319 3339 424 3412 prouti
455 3339 575 3399 1611661
599 3355 755 3399 versuum
787 3338 924 3413 numeri,
956 3336 1105 3411 usurpari
1128 3338 1270 3410 possent,
1296 3335 1425 3394 etiarnsi

149 3440 192 3500 de
224 3439 361 3500 Achillis
397 3440 567 3502 velocitate
602 3441 654 3502 161
689 3439 825 3500 Menelai
857 3439 998 3499 clamere
1031 3437 1144 3497 bellico
1179 3437 1301 3496 mentio
1335 3434 1427 3494 fieret

149 3539 299 3610 6111161).
335 3541 401 3602 Nec
434 3558 497 3602 666
532 3543 620 3603 illius
654 3543 726 3603 aevi
760 3540 1040 3616 deprehenduntur
1075 3540 1212 3613 vestigia
1246 3539 1300 3598 ubi
1330 3541 1425 3610 poeta

186 3771 368 3836 Ι1011666616
393 3777 429 3824 ibi
455 3781 541 3825 natam
567 3791 624 3825 6666
652 3779 713 3826 61116
740 3778 931 3825 arbitrabantur
957 3777 1002 3835 qui
1028 3775 1143 3821 Ithacam
1170 3774 1294 3833 Pylumve
1320 3772 1425 3818 Homeri

146 3856 262 3915 patriam
296 3857 456 3919 statuebaut;
490 3872 503 3904 6
535 3858 721 3904 recentioribus
752 3857 875 3904 nominati
899 3858 976 3902 sunto
1001 3856 1062 3903 Vico
1088 3861 1114 3903 et
1140 3856 1252 3901 omnium
1279 3856 1425 3913 postremus

145 3935 177 3981 0.
199 3935 292 3982 Seeck.

182 4010 202 4074 ²)
222 4014 309 4060 Etiam
327 4016 439 4062 1616116
458 4017 518 4063 6616
536 4020 613 4063 66616
630 4018 806 4064 exhilarantur
823 4017 944 4063 convivae
964 4017 989 4062 A
1008 4018 1065 4063 604.

180 4090 202 4154 ³)
223 4093 324 4140 Vesano
349 4095 533 4156 interpretandi
560 4097 667 4142 artificio
694 4110 726 4143 ex
748 4097 796 4142 hoe
820 4099 922 4142 6661616
945 4094 1071 4156 spadonem
1095 4094 1161 4158 (161
1181 4094 1285 4155 αἰδοίων)
1307 4096 1424 4141 fecerunt

144 4174 266 4235 quidam,
284 4174 334 4221 vid.
352 4173 475 4223 scholion.

181 4253 202 4312 ⁴)
224 4253 335 4300 Achillis
361 4255 459 4302 6616166
485 4257 564 4316 pedes
593 4258 704 4315 primum
726 4258 834 4302 sortasse
860 4255 957 4301 laudati
979 4258 1039 4300 6661
1058 4255 1083 4300 16
1102 4256 1246 4300 narratione
1263 4255 1295 4300 de
1313 4256 1423 4300 Hectore

143 4336 216 4381 cirea
242 4334 316 4380 urbis
338 4336 438 4381 moenia
461 4349 520 4383 eum
539 4337 661 4395 16316616,
683 4350 749 4394 quae
775 4333 996 4394 6666163116116
1015 4335 1080 4380 libre
1099 4331 1188 4394 1116.
1209 4336 1263 4390 188,
1285 4336 1330 4379 188
1350 4329 1423 4395 616.);

142 4415 189 4460 alii
218 4414 346 4472 suspicati
372 4418 431 4460 sunt
455 4428 591 4475 6116616666
616 4416 682 4462 illud
707 4417 839 4476 epitheton
867 4429 897 4461 ex
922 4414 1067 4471 antiquiore
1091 4414 1168 4459 etiam
1194 4426 1265 4473 6616,
1288 4426 1339 4470 quo
1367 4413 1422 4470 iper¹

144 4496 256 4554 mythos
273 4493 307 4539 de
325 4492 448 4541 Thessalo
465 4493 542 4542 heroe
561 4499 636 4542 natus
655 4497 702 4554 est,
720 4509 821 4542 amnem
840 4494 958 4554 rapidum
975 4493 1097 4552 primitus
1115 4505 1145 4539 6ο
1159 4493 1330 4550 significatum
1346 4492 1424 4538 fuisso

140 4574 254 4636 opinati.
281 4571 350 4621 Ulixi
375 4575 557 4632 expugnatoris
582 4578 778 4634 cognomentum
805 4574 867 4635 quin
897 4587 929 4619 ea
956 4573 1046 4621 Troiae
1078 4573 1177 4619 excidio
1205 4572 1350 4619 adhaeserit
1377 4571 1417 4619 vix
