3120 5124
748 378 811 436 426
1298 373 1325 444 [θ
1348 366 1423 433 191

142 564 255 625 formis
287 564 542 639 productioribus
575 564 749 624 eorundem
773 563 943 623 verborum
969 559 1060 640 βιάζω
1084 556 1210 630 ἀντιάζω
1234 553 1439 625 macereas

142 665 274 738 σκεπάζω
295 665 453 742 εἰλυφάζει),
472 668 511 726 cs.
532 665 552 741 ὅ
567 669 639 726 144.
653 667 718 741 Ipsi
731 666 856 726 codices
867 664 1013 725 nonnulli
1025 660 1119 723 πολλὰ
1132 657 1165 721 δὲ
1184 665 1371 739 γοανᾶσθ
1402 677 1446 714 ιιι
1509 690 1512 711 ι

144 768 338 829 exhibente
363 770 437 829 521.

187 869 249 930 Sed
280 869 452 930 redeamus
482 871 522 930 ad
546 871 786 944 argumentum,
811 883 888 928 nam
916 866 1059 927 nondum
1083 867 1193 927 omnia
1218 879 1388 927 enumera.
1400 863 1453 922 *d-

144 986 218 1031 mus
241 972 385 1032 remedia
408 987 490 1045 quae
514 973 617 1033 invito
641 971 832 1046 Aesculapio
856 975 934 1031 sunt
962 971 1093 1030 admota
1117 974 1154 1030 ut
1179 968 1457 1030 convalesceret

144 1074 296 1133 metrum.
325 1074 557 1149 Nonnusquam
590 1076 687 1149 igitur
720 1073 833 1134 vocula
854 1073 964 1146 aliqua
986 1072 1057 1133 sine
1082 1087 1200 1146 magno
1224 1071 1459 1132 detrimento

143 1177 269 1249 poterat
298 1176 457 1252 interseri,
490 1192 517 1236 e.
549 1192 579 1251 g.
612 1178 723 1237 Β346
756 1174 861 1235 τούσδε
889 1169 917 1233 δ’
945 1172 978 1233 ἐά
1009 1173 1179 1251 φθινύθειν
1201 1188 1260 1248 pro
1291 1171 1360 1243 τοὺς
1436 1164 1456 1229 λ’

144 1275 192 1336 ἕαε
223 1276 402 1354 φθινύθειν,
432 1279 455 1335 Β
487 1279 550 1339 236
581 1277 665 1337 τόνδε
690 1272 719 1336 δ’
750 1274 843 1353 ἐῶμεν
875 1291 930 1351 pro
954 1274 1005 1337 τὸν
1029 1270 1060 1335 δ’
1088 1273 1211 1352 ἕάωμεν.
1236 1273 1295 1333 ast
1318 1273 1461 1333 etiam

145 1379 199 1438 ubi
228 1378 295 1438 tale
326 1379 444 1439 vitium
470 1380 514 1438 sit
537 1380 751 1439 commissum
774 1395 830 1453 per
853 1380 936 1452 quod
964 1393 1038 1438 vera
1061 1379 1222 1451 scriptura
1247 1375 1461 1446 traluceat,

145 1496 172 1540 e.
205 1496 234 1554 g.
267 1478 401 1539 εἴασεν
421 1482 468 1541 ita
494 1481 687 1542 collocatum
711 1483 748 1541 ut
771 1481 937 1554 dactylum
963 1479 1082 1540 efficiat
1107 1482 1135 1537 K
1162 1480 1237 1555 299,
1262 1477 1317 1539 ubi
1340 1475 1463 1536 εἷσεν

147 1598 260 1643 verum
284 1598 357 1644 esse
379 1584 486 1657 patet;
512 1582 562 1643 vel
589 1584 614 1642 Ο
637 1584 718 1643 347:

366 1681 474 1761 νηυσὶν
498 1681 731 1761 ἐπισσεύεσθαι,
754 1680 820 1743 ἐᾶν
844 1677 875 1743 δ’
903 1679 994 1760 ἔναρα
1018 1679 1188 1761 βροτόεντα,

146 1785 200 1845 ubi
224 1777 454 1860 ἐνισσεύεσδλε),
477 1779 554 1842 ἐάειν
578 1785 699 1859 optime
724 1784 864 1844 correxit
887 1783 973 1859 Fici,
999 1799 1061 1856 quo
1085 1783 1175 1843 ducit
1199 1787 1233 1844 et
1256 1785 1386 1842 senten
1426 1777 1469 1836 tie

147 1888 180 1946 et
209 1886 360 1945 Zenodoti
392 1885 487 1946 lectio
511 1883 734 1963 ἐπισσεύεαθον,
757 1887 812 1960 qui
836 1887 897 1946 hoc
921 1885 1000 1960 loco,
1027 1887 1063 1945 ut
1088 1885 1161 1944 aliis
1186 1886 1332 1959 centum,
1354 1878 1473 1958 plu·

147 1987 249 2048 ralem
283 1986 474 2061 dualemque
510 2003 662 2049 numeros
693 1989 853 2063 confudit;
887 2003 951 2047 non
983 1987 1053 2047 sine
1079 1985 1222 2046 utilitate
1248 1977 1477 2046 contuleris

150 2087 340 2162 praesertim
364 2090 393 2146 Γ
413 2090 476 2149 459
499 2094 533 2150 et
558 2091 585 2146 Ε
609 2091 683 2152 606.

192 2188 255 2247 Vix
289 2192 400 2248 autem
432 2192 581 2266 corrupta
612 2191 673 2252 dici
704 2193 841 2265 possunt
872 2188 913 2248 ἓν
946 2185 1028 2266 οὐδέ,
1049 2185 1153 2248 αὔδα
1178 2185 1241 2264 ὅτι,
1262 2201 1321 2263 pro
1343 2171 1480 2247 ἵει-’λδ

148 2285 228 2364 οὐδέ,
261 2284 386 2361 elidahe)
422 2288 472 2350 du
500 2286 532 2368 ¹),
569 2294 684 2366 quibus
720 2293 760 2352 ad
794 2292 1016 2365 integritatem
1052 2289 1133 2350 nihil
1168 2290 1261 2350 deest
1294 2281 1480 2363 preater

148 2392 277 2464 signum
299 2392 459 2466 elisionis;
483 2393 533 2454 vel
557 2395 655 2455 etiam
676 2391 789 2471 ἤρκει
810 2390 947 2471 ὄλεθρον,
966 2390 1079 2451 κάλει
1099 2388 1209 2450 ἐνθάδε
1225 2405 1282 2466 pro
1295 2375 1480 2467 ἥρω’(δι

148 2486 221 2551 νάλέ
250 2488 290 2568 ²).;
322 2494 355 2553 in
379 2495 617 2567 antiquissimis
640 2496 726 2555 enim
750 2496 840 2555 libris
869 2494 1059 2568 ambiguum
1083 2493 1145 2553 fuit
1169 2493 1280 2553 utrum
1304 2481 1478 2566 sigtzl'fi·

149 2596 260 2653 carent
291 2594 418 2655 litterae
443 2596 570 2654 ΚΑΛΕ.
595 2597 755 2670 Perquam
785 2600 896 2656 autem
929 2595 1070 2656 notabile
1094 2596 1188 2655 extat
1214 2593 1359 2656 scholion
1446 2587 1475 2648 ad

148 2697 180 2752 H
204 2697 264 2756 95:
290 2695 378 2755 νείκει
402 2692 564 2769 ὀνειδίζων]
590 2696 621 2757 ἔν
644 2714 700 2757 τισι
724 2706 782 2757 τῶν
804 2696 1029 2775 ὑπομνημάτων
1051 2690 1074 2765 ³)
1106 2689 1208 2772 ,νείκε’
1235 2690 1410 2766 ὀνειδίζων
1433 2688 1469 2763 W,

149 2793 203 2868 ἔξω
227 2804 279 2855 τοῦ
304 2811 324 2872 ῑ,
347 2796 418 2857 ὥστε
442 2797 517 2858 κατὰ
543 2797 730 2875 συναλοιφὴν
754 2804 890 2859 νοεῖσθαι
913 2796 945 2859 τὸ
969 2794 1049 2878 ὑγιὲς
1073 2797 1216 2874 ,νείκεε”.
1237 2797 1286 2858 Ex
1306 2794 1464 2871 quihus

150 2897 278 2971 Didymi
311 2900 416 2959 verbis
448 2902 606 2977 videmus,
639 2902 864 2961 Aristarchum
895 2916 959 2961 non
983 2901 1127 2962 alienum
1150 2900 1252 2960 fuisse
1277 2899 1317 2960 ab
1340 2899 1396 2959 εἰ
1410 2907 1456 2952 ¹1⁸·

150 3000 238 3059 modi
260 3000 438 3062 formarum
462 3003 603 3078 elisione,
627 3017 725 3075 quam
749 3003 843 3063 unice
868 3017 979 3063 veram
1003 3017 1076 3062 ease
1100 3002 1268 3063 contendo.

195 3100 267 3161 Uno
290 3104 323 3161 et
345 3103 446 3164 altero
465 3104 535 3164 loco
555 3104 721 3177 digamma
738 3104 771 3163 in
792 3104 941 3178 proxima
963 3103 1079 3163 vicinia
1099 3103 1284 3177 neglectum
1304 3095 1443 3162 indicio

151 3204 202 3261 est
224 3217 354 3263 versum
381 3206 438 3264 aut
462 3205 540 3264 vitio
562 3204 707 3265 laborare
731 3207 789 3264 aut
808 3204 998 3266 recentioris
1017 3220 1090 3266 esse
1110 3204 1201 3279 aevi;
1231 3220 1258 3265 e.
1279 3219 1310 3280 ς.
1330 3193 1441 3280 φιλέει

149 3300 199 3361 καὶ
228 3299 334 3362 ἕκαστα
365 3309 535 3388 μεταλλᾷ
567 3307 581 3378 ξ
616 3307 688 3366 128.
715 3339 755 3349 -
782 3306 867 3366 Alibi
900 3306 1073 3367 verborum
1102 3307 1292 3382 compositio
1315 3300 1437 3365 durior

149 3404 189 3464 ad
213 3404 443 3464 correctionem
466 3420 525 3465 nos
548 3405 676 3481 invitat,
701 3421 728 3466 e.
755 3420 784 3478 g.
811 3406 834 3462 Β
862 3406 923 3466 196
952 3421 1018 3478 so:

370 3502 469 3582 θυμὸς
492 3501 525 3565 δὲ
549 3503 638 3586 μέγας
662 3503 721 3566 ἐστὶ
745 3502 915 3584 διοτρεφέος
938 3507 1089 3584 βασιλῆος,

369 3605 436 3684 τιμὴ
460 3601 490 3665 δ’
517 3605 549 3667 ἐκ
573 3606 645 3679 Διός
667 3605 733 3667 ἐστι’
759 3611 871 3684 φιλεῖ
889 3603 923 3666 δέ
942 3607 979 3665 δε
1003 3601 1123 3682 μητιέτα
1148 3605 1233 3682 Ζεύς,

149 3708 200 3768 ubi
233 3709 387 3769 iteratum
411 3704 469 3766 lou
494 3709 549 3768 vix
574 3710 683 3769 minus
708 3709 856 3783 displicet
884 3722 983 3782 quam
1007 3708 1212 3768 contractum
1236 3710 1324 3782 φιλεῖ,
1345 3719 1408 3779 qua·

147 3813 276 3885 propter
299 3811 517 3872 tentavimus:
547 3809 615 3887 τιμὴ
643 3805 672 3869 δ’
704 3807 735 3869 λιι
764 3810 898 3887 Ζηνός·
930 3805 1059 3885 φιλέει
1081 3802 1113 3877 ’).
1128 3841 1166 3851 -
1189 3808 1300 3882 Neque
1322 3807 1405 3868 leren-

183 4064 202 4130 Ι)
222 4074 248 4115 rr
263 4070 309 4117 rer
329 4066 368 4134 (x
385 4065 444 4132 ooo)
462 4075 483 4116 r
499 4071 556 4120 rae.

180 4146 201 4209 ²)
220 4154 244 4194 Ν
259 4150 316 4204 440,
335 4149 382 4196 740
400 4145 433 4213 (P
449 4144 516 4211 aab).
535 4173 568 4182 -
586 4149 615 4194 Iu
632 4167 649 4206 μ
671 4148 719 4195 407
740 4147 841 4193 codices
859 4146 910 4192 duo
928 4151 998 4193 recte
1016 4146 1139 4193 exhibent
1157 4147 1205 4192 ὅσι’
1226 4158 1274 4205 pro
1291 4146 1347 4192 Ιθιι

180 4222 201 4289 ³)
217 4227 249 4273 Id
269 4230 308 4274 est
331 4229 357 4273 in
377 4228 624 4275 Commentariorum
642 4227 864 4273 Aristarcheorom
882 4225 1012 4272 nonnullis
1032 4225 1189 4272 editionibus
1207 4225 1248 4272 vel
1269 4220 1410 4283 exemplari·

148 4305 203 4359 bus,
222 4307 253 4353 ci.
271 4306 393 4354 Ludwich
414 4308 551 4354 Aristaroh.
569 4307 582 4352 I
599 4320 625 4366 p.
643 4306 682 4352 at.

179 4383 199 4445 ⁴)
216 4386 246 4432 In
266 4392 292 4432 Π
308 4388 339 4432 94
356 4399 403 4445 pto
420 4404 445 4444 γε
462 4391 523 4447 φιλεῖ
538 4386 640 4446 legatur
657 4386 734 4445 φιλέει,
752 4385 779 4430 in
800 4388 824 4430 H
843 4384 890 4429 28⁰
909 4405 941 4425 =
964 4386 986 4429 Κ
1003 4383 1051 4429 552
1073 4394 1121 4441 pro
1142 4381 1267 4444 ἁμφοτὲροι
1290 4381 1334 4444 γὰρ
1358 4387 1413 4440 οφσιι

146 4467 266 4523 φιλεῖται
288 4465 358 4525 ἄμφω
376 4466 419 4529 γὰρ
438 4474 497 4525 open
516 4463 654 4525 legendnm
672 4464 773 4510 videtur
793 4465 838 4510 ant
857 4469 916 4523 σφῶι
936 4463 980 4525 γὰρ
1002 4462 1126 4526 ἀμφοτέρω
1142 4461 1228 4523 pellem
1250 4463 1272 4507 Κ
1289 4460 1337 4507 als
1355 4463 1412 4520 φιλεῖ

146 4540 313 4601 probabiliter
331 4542 423 4602 corrigi
442 4544 539 4603 nequit.
