3120 5124
140 359 158 428 b
185 363 216 430 ὅ]
763 361 804 420 39

140 544 206 618 det,
243 546 345 604 immo
381 546 557 617 genuinum
592 551 625 605 et
660 547 829 619 antiquum
862 547 894 604 in
927 545 1045 605 talibus
1072 545 1201 604 vocibus
1225 547 1319 605 debet
1343 564 1414 606 esso

140 644 248 718 alpha.
273 647 475 706 Recentioris
498 649 617 708 aetatis
641 657 692 708 est
716 648 794 707 illud
829 647 1005 722 Δεινοδίκηο
1030 651 1166 722 (ww),
1191 649 1274 719 quod
1298 647 1415 722 legitur

142 748 177 806 in
212 748 308 807 titulo
343 749 448 808 Naxio
482 765 579 823 supra
610 750 757 810 laudato:
788 753 900 823 poetae
933 750 1012 822 epici
1036 750 1183 809 dicebant
1207 751 1416 836 Adranodoro,

139 848 282 909 fortasse
318 849 540 910 Afervodtucfo
574 852 624 922 (cs.
655 854 673 921 ἐ
704 855 767 920 55).
791 852 905 924 Itaque
930 853 1019 925 proni
1043 867 1158 910 sumus
1182 867 1260 911 sane
1285 853 1317 910 in
1341 868 1414 911 eam

139 953 352 1025 seutentiam,
383 967 481 1024 quarn
510 968 642 1013 summa
673 953 789 1013 fiducia
816 955 921 1013 suasit
944 953 1082 1026 brevius
1108 956 1143 1012 ut
1166 954 1311 1012 Ionicum
1336 954 1415 1013 illud

139 1073 160 1126 η
191 1067 211 1110 a
242 1052 355 1125 lingua
384 1055 557 1115 Homerica
588 1055 730 1115 alienum
761 1056 935 1128 iudicetur;
960 1056 1053 1115 facile
1077 1058 1187 1114 autem
1212 1057 1243 1113 in
1267 1056 1413 1115 animum

139 1153 234 1211 nobis
257 1155 453 1230 inducimus,
477 1157 550 1217 inde
572 1173 593 1216 a
615 1159 760 1231 ternpore
784 1173 846 1230 quo
870 1159 1014 1217 carmina
1038 1159 1127 1231 epica
1151 1158 1269 1230 scripto
1292 1157 1415 1228 vulgari

140 1257 256 1328 coepta
291 1260 379 1332 sunt,
416 1259 561 1318 vocalem
596 1281 615 1334 η
651 1276 692 1319 ex
726 1259 863 1320 dialecto
894 1260 1002 1318 Ionica
1034 1260 1086 1318 vel
1117 1260 1215 1318 etiam
1241 1274 1281 1317 ex
1306 1259 1415 1318 Attica

142 1355 280 1416 dialecto
315 1358 348 1417 in
380 1359 486 1420 multa
516 1361 673 1420 vocabula
702 1361 876 1420 Homerica
908 1361 1029 1420 sensim
1063 1360 1250 1432 irrepsisse;
1280 1361 1416 1419 sedeur

142 1457 225 1517 hanc
258 1475 329 1519 rem
360 1476 463 1534 neque
494 1464 576 1522 satis
607 1465 732 1522 certam
755 1479 858 1536 neque
886 1463 1053 1536 permagni
1076 1463 1233 1521 momenti
1258 1462 1416 1520 ducamus

144 1572 239 1632 supra
256 1562 478 1634 exposuimus.
500 1563 533 1623 si
555 1579 737 1636 veroquam
752 1566 894 1623 maxime
905 1564 1008 1623 evinci
1021 1567 1131 1637 posset
1144 1565 1236 1622 unice
1250 1563 1414 1623 ferendam

146 1674 214 1720 esse
239 1662 386 1722 vocalem
407 1677 435 1739 ᾱ,
454 1680 557 1737 neque
578 1665 697 1725 Graece
720 1665 840 1725 edoctis
861 1665 1061 1724 tolerabilem
1082 1679 1154 1723 esse
1176 1665 1414 1724 nominativum

150 1761 286 1839 Ἀτρείδης
321 1765 414 1824 iuxta
447 1767 626 1839 genitivum
664 1766 808 1843 Ἀτρείδαο
838 1764 870 1841 ¹),
906 1782 946 1825 ne
985 1767 1031 1825 sic
1067 1766 1196 1838 quidem
1232 1766 1415 1825 necessario

151 1865 388 1926 assentiendum
420 1871 507 1928 esset
534 1869 642 1928 Fiokio
676 1869 749 1928 inde
776 1868 977 1929 concludenti
1012 1868 1142 1927 Aeolica
1173 1868 1309 1927 dialecto
1332 1882 1415 1926 corn-

154 1966 249 2036 posita
282 1983 356 2028 esse
388 1971 532 2030 carmina
562 1973 661 2044 opica.
694 1972 738 2031 De
771 1971 851 2029 artis
884 1971 992 2044 opicae
1025 1969 1228 2028 incunabulis
1254 1970 1307 2027 vix
1332 1969 1415 2041 quic·

158 2079 242 2135 quarn
272 2069 347 2128 hinc
371 2070 449 2131 disci
472 2073 590 2147 potest,
614 2089 672 2132 nec
697 2073 759 2131 nisi
784 2072 824 2131 ad
848 2071 1109 2144 orthographiam
1141 2072 1191 2130 vel
1215 2071 1415 2143 orthoepiarn

165 2180 208 2225 res
226 2172 382 2242 pertinere
405 2175 542 2234 videtur.

199 2269 233 2329 Et
252 2275 403 2345 quoniam
422 2275 583 2336 latissime
603 2277 682 2336 haec
702 2276 848 2349 quaestio
868 2276 957 2349 patet
983 2290 1086 2347 neque
1107 2274 1313 2347 probabiliter
1333 2273 1414 2331 vide-

171 2371 212 2429 tur
228 2387 316 2446 posse
340 2377 457 2452 dirimi,
483 2379 643 2451 optimum
675 2379 829 2438 duximus
856 2376 935 2435 nihil
959 2391 1078 2434 novare
1103 2376 1135 2433 in
1158 2391 1192 2434 re
1217 2375 1322 2434 dubia.
1348 2373 1415 2433 Ser·

174 2473 297 2535 varinus
327 2478 426 2551 igitur
458 2479 580 2538 formas
610 2487 710 2557 ψῆρας
742 2480 775 2538 et
805 2485 922 2553 ψαρῶν,
944 2477 1149 2536 servavimus
1174 2474 1271 2551 ὃάμνᾱ
1296 2477 1328 2534 et
1352 2473 1415 2551 ἵστη

175 2584 291 2647 luneque
323 2580 355 2639 id
386 2595 488 2653 genus
520 2585 597 2640 sunt
620 2580 694 2655 alia,
719 2580 838 2639 nedum
863 2578 1009 2654 Ἀτρεΐδα-ιν
1034 2581 1091 2637 aut
1115 2577 1259 2653 Ἀτρεΐδηο
1284 2577 1414 2649 scripse·

177 2672 263 2736 rimus.
283 2678 329 2739 Ne
353 2695 395 2740 ex
422 2681 488 2741 illis
511 2683 640 2755 quidem
661 2681 796 2755 syllabis
816 2681 1015 2739 removimus
1035 2679 1178 2738 litteram
1199 2701 1228 2754 η,
1247 2679 1280 2737 in
1300 2677 1416 2750 quibus

177 2784 245 2834 mero
264 2783 341 2841 orori
364 2783 514 2856 debetur;
540 2782 752 2842 toleravimus
775 2783 873 2855 igitur
893 2778 1025 2857 ἠνεμόεις
1047 2796 1101 2853 pro
1122 2777 1255 2854 ἀνεμόεις
1276 2781 1309 2837 et
1329 2778 1415 2837 sirni-

177 2869 430 2956 11³‚quamquam
461 2885 556 2943 inviti
585 2884 633 2954 (of.
659 2886 676 2952 ἓ
701 2886 763 2952 21).
788 2883 909 2956 Nempe
934 2883 1054 2941 frustra
1077 2881 1300 2953 quaesivimus
1324 2879 1415 2954 tinea,

177 2973 242 3038 intra
256 2997 330 3055 quos
349 2985 526 3045 subsistere
542 2986 653 3046 liceret
673 2988 782 3045 critico
802 2986 830 3043 si
850 2985 952 3043 semel
973 2984 1005 3042 in
1025 2984 1109 3042 hunc
1130 2998 1281 3056 campum
1302 2981 1414 3055 pedem

177 3088 254 3140 unum
284 3087 456 3147 intulisset.
489 3087 536 3147 Ne
559 3088 590 3147 id
614 3088 743 3159 quidem
767 3087 838 3146 ausi
866 3101 991 3159 sumus,
1017 3084 1099 3156 quod
1123 3088 1233 3142 tamen
1257 3085 1326 3142 sine
1356 3083 1414 3141 dis·

177 3181 264 3246 lentio
285 3186 352 3248 fieri
375 3191 512 3263 poterat,
537 3190 574 3247 ut
597 3189 699 3261 signis
723 3187 960 3260 aliquantulum
982 3186 1117 3246 diversis
1141 3186 1416 3258 distingueremus

177 3280 319 3360 utrumque
343 3291 397 3349 eta
419 3294 494 3360 (=‹·z
517 3291 643 3365 et=i),
669 3289 942 3364 quemadmodum
967 3289 1042 3347 fecit
1066 3304 1092 3346 e.
1114 3303 1143 3360 g.
1166 3287 1240 3346 Fici·
1258 3288 1290 3345 in
1304 3287 1416 3359 hymni

176 3378 304 3450 Apollinis
337 3391 420 3450 Delii
452 3392 637 3452 recensione
674 3392 799 3465 (Odyss.
824 3406 894 3464 pag.
921 3391 983 3448 286
1014 3393 1112 3462 sqq.);
1142 3390 1274 3462 posthac
1306 3393 1416 3447 tamen

176 3477 284 3550 fortasse
306 3495 438 3553 utemur
461 3495 521 3553 hoo
544 3494 749 3567 adminiculo,
774 3509 837 3566 quo
861 3508 956 3551 uerno
979 3494 1037 3551 aut
1059 3492 1176 3550 offendi
1200 3492 1312 3550 autin
1335 3506 1415 3549 erro·

176 3594 217 3640 rte
234 3589 322 3667 abripi
346 3609 442 3668 posse
468 3596 603 3654 videtur.

203 3875 217 3941 ¹)
231 3885 299 3937 „Duas
324 3891 399 3937 lisine
425 3891 584 3949 urwiichsige
611 3892 770 3950 griechische
793 3892 912 3937 mundari
930 3905 961 3937 zu
983 3892 1097 3953 Ἀτρείδης
1118 3890 1167 3936 don
1185 3890 1281 3948 genitiv
1300 3887 1417 3949 Ἀτρείδαο

175 3956 255 4010 „bildeu
275 3968 377 4025 hormie,
403 3968 496 4017 beders
519 3971 560 4016 fur
588 3971 636 4017 don
662 3972 758 4017 konner
782 3971 827 4017 der
850 3971 1027 4029 griechischen
1046 3968 1154 4015 dialecto
1173 3970 1260 4014 koines
1278 3967 1417 4012 boweisos''

173 4035 243 4096 0de·
258 4059 281 4105 p.
300 4049 322 4094 3.
341 4074 371 4081 -
391 4050 495 4096 Rectius
521 4051 634 4097 iudicare
660 4051 761 4096 videtur
787 4052 934 4108 Brugmaun
962 4051 1063 4096 Grioch.
1088 4048 1247 4094 Grammatik
1267 4048 1280 4104 ξ
1301 4049 1343 4092 1οε
1369 4045 1417 4098 „ob

174 4115 223 4171 „⁶⁸³
240 4124 276 4172 bei
297 4128 392 4174 Homer
416 4129 521 4176 luder
543 4130 759 4188 Verbiuduug
782 4130 839 4176 mit
863 4131 968 4175 eiuom
991 4128 1115 4174 anderu
1135 4127 1235 4172 Volral
1255 4125 1417 4170 arrltretende

173 4203 236 4255 ΜΖ·
250 4206 275 4250 Β.
294 4201 347 4266 deri,
370 4207 487 4272 Ῥρμιίᾶῆ
511 4210 636 4271 liupuldum
656 4204 812 4272 Ποσειδάων),
830 4210 876 4255 das
893 4210 934 4255 fiir
951 4208 1085 4255 unionisch
1103 4221 1135 4252 zu
1152 4207 1240 4251 halt-on
1258 4201 1342 4266 (rien)
1359 4205 1416 4250 koiu

171 4281 277 4341 „ffiftiger
295 4286 384 4333 Grund
402 4288 519 4347 vorstegt,
536 4288 588 4334 und
607 4288 681 4333 dasii
701 4289 725 4333 in
744 4292 788 4334 att.
805 4283 906 4344 ἰάσομαι,
923 4293 1014 4350 καρὼίῖ,
1034 4280 1105 4343 γενεά,
1124 4280 1224 4347 πράττω,
1243 4289 1308 4343 χιῖιρᾱ
1325 4298 1349 4328 u.
1365 4284 1416 4341 dgL

170 4358 230 4415 „tion
254 4366 351 4421 ἰήσομαι,
376 4370 457 4427 κραὸίη
477 4380 502 4412 u.
521 4382 540 4412 s.
561 4363 601 4428 vv.)
618 4367 804 4413 unvoriinderte
823 4368 948 4426 urgriech.
967 4378 982 4411 ιῖ
999 4366 1064 4423 siud,
1083 4363 1144 4409 ‹uior
1162 4365 1195 4408 ob
1214 4362 1416 4409 Riiclrverunnd·

168 4436 233 4498 „luug
252 4456 298 4488 von
321 4445 429 4490 offenem
455 4447 511 4491 diu
529 4456 545 4490 ᾶ
564 4447 755 4503 stuttgefnndou
773 4448 825 4499 hot,
842 4448 876 4493 ist
893 4447 959 4495 noch
979 4445 1094 4493 unklor.''
1113 4445 1238 4491 Notcntur
1255 4442 1332 4488 verbu
1351 4455 1417 4503 quae

165 4516 261 4567 diductis
277 4520 370 4570 litteris
387 4524 534 4572 excndouda
553 4528 707 4573 curavimus.
