3120 5124
769 422 833 482 564
1318 418 1347 491 [ὅ
1367 419 1415 480 326

160 609 390 684 dialectcrum;
421 611 455 670 et
485 611 572 670 certo
602 609 723 671 certius
745 610 874 669 constat
903 609 1017 682 poetas
1039 608 1148 683 epicos
1170 623 1237 669 non
1260 623 1334 668 esse
1356 623 1418 669 11111

160 713 298 774 dialecto
321 712 373 772 cui
395 713 429 772 et
451 706 490 769 ἄν
512 714 546 771 11
568 715 640 781 nstv)
664 712 775 771 essent
796 710 939 786 propria;
971 709 1063 769 nulla
1091 709 1190 786 enim,
1214 709 1245 769 si
1268 724 1332 782 qua
1354 708 1419 770 fides

161 814 383 876 monumentis
404 812 568 890 litteratis,
591 814 750 874 eiusmodi
773 813 933 875 dialectus
956 827 1100 886 unquam
1126 812 1199 872 luit.

204 918 331 977 Dixerit
360 917 498 977 tortasse
528 916 645 989 aliquis
672 915 920 991 „assumserunt
945 914 1044 989 igitur
1068 914 1207 975 alteram
1232 915 1344 974 utram
1366 927 1420 988 par·

160 1019 296 1080 ticulam
330 1033 372 1078 ex
405 1017 542 1078 dialecto
571 1018 709 1078 aliena.”
733 1051 772 1060 -
795 1017 852 1077 Oui
875 1017 1108 1092 responderim,
1130 1016 1165 1077 id
1193 1015 1348 1077 credibile
1370 1029 1421 1074 nou

161 1138 243 1182 esse.
274 1120 389 1195 Verba,
419 1120 562 1194 nomina,
592 1122 626 1180 et
655 1119 783 1194 propria
805 1118 998 1193 praesertim
1023 1119 1166 1194 nomina,
1191 1118 1325 1179 aliunde
1347 1117 1421 1178 baud

161 1240 232 1284 raro
263 1223 302 1283 ab
333 1223 373 1282 iis
403 1221 504 1282 fuisse
534 1221 647 1296 petita,
671 1220 809 1281 libenter
832 1220 943 1294 credo;
968 1219 1070 1280 talem
1093 1218 1282 1279 libertatem
1305 1233 1423 1293 semper

160 1325 264 1400 poetis
287 1337 475 1384 concessam
497 1322 599 1383 fuisse
622 1323 690 1383 scio
713 1324 747 1383 et
768 1320 1006 1382 concedendam
1036 1336 1162 1381 censeo.
1191 1320 1256 1382 Sed
1278 1335 1345 1381 non
1367 1335 1422 1395 per·

160 1426 244 1485 tinet
272 1424 329 1485 illa
358 1424 489 1484 licentia
512 1423 553 1483 ad
576 1422 763 1500 particulas,
788 1424 828 1484 ad
852 1423 940 1498 ipsos
967 1437 1084 1483 nervos
1107 1423 1209 1497 igitur
1231 1422 1423 1497 linguatam

160 1527 212 1587 his
246 1528 274 1586 si
303 1526 376 1599 quis
400 1538 499 1584 usum
533 1538 742 1585 communem
771 1539 887 1599 parum
918 1525 1115 1600 observaret,
1142 1540 1244 1585 sensu
1268 1524 1425 1586 communi

161 1629 337 1689 destitutus
365 1641 437 1686 esse
463 1625 642 1700 videretur;
674 1640 738 1686 non
763 1625 937 1701 poeticum,
962 1639 1026 1686 non
1048 1626 1212 1702 ornatum,
1237 1641 1304 1686 non
1327 1624 1424 1699 exqui-

161 1730 263 1789 situm
286 1727 531 1789 existimaretur
553 1727 704 1801 quicquid
726 1728 759 1786 in
782 1727 833 1787 bis
865 1727 1027 1787 recederet
1051 1742 1071 1787 a
1094 1742 1185 1789 more
1206 1727 1338 1789 dicendi
1360 1742 1426 1802 quo·

161 1832 292 1907 tidiano,
323 1829 380 1889 sed
411 1828 570 1904 putidum,
603 1828 779 1904 soloccum,
810 1827 993 1888 ridiculum.
1022 1827 1155 1888 Scatent
1177 1829 1356 1890 hodiernae
1376 1829 1425 1889 lin·

160 1948 253 2008 guae,
284 1934 317 1992 et
347 1930 542 1990 nostratium
572 1929 605 1988 in
634 1930 759 2005 primis,
791 1928 957 1990 vocabulis
988 1931 1022 1989 et
1044 1930 1169 1991 dicendi
1192 1932 1368 2006 generibus
1389 1945 1424 1990 ex

161 2033 344 2109 Germania,
373 2032 490 2108 Gallia,
519 2032 645 2108 anglia,
674 2034 758 2094 unde
789 2046 853 2092 non
881 2032 1045 2108 deductis;
1073 2033 1131 2093 sed
1159 2048 1257 2094 nemo
1288 2047 1426 2107 unquam

160 2136 193 2194 in
230 2135 361 2195 vocibus
394 2133 506 2207 quales
537 2135 614 2193 sunt
644 2135 681 2209 oi,
714 2137 758 2209 at,
790 2137 858 2194 tam
888 2133 1038 2194 imitatus
1061 2135 1112 2194 est
1136 2134 1274 2210 populos
1300 2135 1427 2208 ricinos,

160 2237 218 2296 aut
251 2236 280 2297 si
314 2235 400 2311 fecit,
435 2234 571 2295 absurde
606 2235 691 2296 fecit.
729 2236 781 2296 Sic
815 2235 980 2296 subridere
1016 2235 1068 2296 vel
1104 2237 1205 2297 etiam
1241 2251 1428 2298 succensere

160 2338 305 2398 solemus
338 2336 464 2411 Batavi,
496 2337 645 2409 quotiens
676 2338 709 2397 in
739 2337 885 2412 epistolis
916 2338 1135 2398 mercatorum
1167 2338 1220 2399 vel
1251 2338 1429 2414 puellarum

163 2439 313 2499 voculam
348 2439 430 2511 qaod
460 2453 549 2498 more
580 2439 761 2514 anglorum
792 2438 949 2498 omissam
981 2439 1139 2514 ridemus,
1170 2454 1232 2500 nec
1263 2440 1429 2502 inventum

161 2542 201 2600 iri
223 2541 300 2615 puto
324 2540 379 2612 qui
399 2539 572 2599 contendat
591 2541 754 2614 poeticum
774 2541 808 2600 et
827 2538 959 2612 elegans
976 2555 1050 2600 esse
1070 2539 1136 2601 tale
1156 2555 1262 2615 genus
1273 2541 1429 2617 loquendi.

161 2644 274 2715 Itaque
305 2642 363 2701 aut
392 2641 542 2700 ostendat
572 2640 699 2714 aliquis,
731 2641 837 2715 magis
864 2641 1026 2715 poeticum
1049 2657 1164 2703 sonare
1188 2638 1228 2701 ἄν
1252 2658 1355 2717 quam
1376 2662 1432 2717 m,

161 2744 213 2804 vel
248 2743 349 2803 etiarn
383 2762 434 2800 κεν
468 2757 566 2815 quam
601 2739 649 2819 dv,
682 2743 739 2802 aut
773 2742 936 2818 concedat,
972 2756 1036 2802 non
1067 2758 1109 2803 ex
1140 2743 1249 2805 studio
1285 2743 1431 2806 dictioms

161 2845 322 2905 ornandae
357 2844 391 2903 11
419 2843 592 2904 variandae
623 2844 776 2919 explicari
808 2825 904 2919 posse
933 2843 1102 2918 utriusque
1133 2845 1315 2921 particulae
1338 2859 1431 2908 usum

161 2948 194 3006 in
217 2944 415 3007 carminibus
439 2943 631 3005 Homericis.

209 3049 272 3123 ,At
305 3045 402 3105 metri
435 3061 534 3106 causa
567 3047 705 3107 fortasse
740 3044 834 3106 modo
868 3046 952 3106 hanc
988 3046 1083 3106 modo
1118 3045 1211 3107 illam
1242 3047 1430 3123 elegerunt

160 3149 335 3222 Aliquanto
365 3147 437 3221 plus
468 3163 521 3208 me
550 3149 661 3208 movet
691 3148 746 3221 qui
777 3149 824 3208 sic
848 3162 902 3208 me
923 3147 1120 3223 interpellat,
1144 3163 1224 3210 nam
1246 3151 1346 3225 probe
1368 3150 1431 3211 scio

161 3265 259 3323 quam
283 3247 388 3308 multa
418 3249 451 3306 in
482 3247 592 3321 lingua
615 3249 788 3309 Homerica
811 3248 940 3309 nonnisi
965 3264 1006 3309 ex
1029 3248 1155 3322 legibus
1171 3250 1360 3313 hexametri
1379 3252 1433 3312 aut

162 3350 314 3425 explicari
348 3350 473 3423 possint
503 3352 561 3411 aut
590 3352 749 3413 excusari.
780 3350 892 3411 Paullo
924 3351 1108 3411 accuratius
1139 3351 1240 3425 igitur
1263 3353 1433 3415 videamus

161 3467 259 3525 quam
290 3450 463 3526 probabilis
493 3452 537 3511 sit
560 3453 640 3513 baec
663 3452 779 3528 opinio.
805 3452 983 3526 Fingamus
1010 3452 1112 3529 nobis,
1136 3453 1219 3514 duas
1241 3469 1317 3516 esse
1341 3455 1432 3531 parti·

160 3553 260 3628 culas,
296 3553 434 3613 alteram
469 3553 558 3626 epico
593 3553 735 3614 sermoni
769 3553 941 3629 propriam,
976 3553 1114 3613 alteram
1144 3554 1184 3614 ab
1217 3553 1275 3615 illa
1298 3556 1433 3618 dialecto

161 3656 318 3730 alienam,
344 3655 401 3715 sed
423 3653 516 3714 illam
539 3655 729 3716 hexametro
753 3655 863 3715 minus
887 3657 1009 3731 aptam,
1033 3655 1116 3716 banc
1140 3656 1369 3731 aptissimam:
1394 3690 1432 3701 -

161 3755 310 3817 credibile
344 3758 405 3830 est,
436 3755 575 3816 fortasse
607 3756 794 3832 verisimile,
827 3758 961 3830 urgente
993 3758 1098 3818 metro
1128 3759 1243 3832 poetas
1268 3759 1432 3821 interdum

161 3859 366 3917 assumturos
399 3856 500 3918 tuisse
535 3858 695 3934 voculam,
727 3873 827 3932 quam
857 3873 972 3918 versus
1002 3860 1149 3933 posceret
1178 3860 1257 3921 licet
1278 3861 1339 3922 rix
1360 3875 1432 3922 eam

161 3959 348 4019 admitteret
371 3959 491 4031 lingua.
516 3959 578 4019 Sed
600 3974 664 4020 non
686 3960 766 4020 baec
788 3961 841 4020 est
867 3974 966 4020 causa
997 3959 1231 4034 particularum
1253 3963 1294 4023 de
1318 3963 1432 4036 qulbus

161 4061 299 4133 agimus.
334 4059 479 4131 Utraque
511 4061 544 4120 et
567 4063 672 4121 metro
702 4062 829 4122 heroico
853 4064 887 4122 et
910 4061 1015 4122 cuivis
1038 4063 1142 4123 metro
1165 4064 1341 4138 aptissima
1364 4065 1430 4138 est;

161 4160 385 4234 monosyllaba
418 4160 505 4219 euim
538 4162 572 4219 et
604 4161 712 4222 brevis
744 4164 796 4222 est
825 4163 971 4236 utraque.
1003 4162 1116 4223 Altera
1143 4165 1201 4224 aut
1221 4164 1358 4226 ellslone
1383 4164 1429 4226 de

162 4263 281 4322 curtari
304 4263 420 4337 potest,
445 4263 502 4321 aut
526 4262 652 4323 adiecta
674 4262 784 4323 littera
807 4263 1168 4341 paragogicaprodu013
1193 4265 1299 4327 altera
1323 4267 1432 4342 incipit

162 4375 181 4419 a
210 4361 319 4422 littera
351 4362 464 4437 vocali,
498 4362 663 4423 vocabulis
693 4363 792 4436 igitur
823 4364 914 4424 elisis
943 4365 1051 4439 potest
1074 4365 1235 4441 subiungi.
1260 4367 1431 4430 Praeterea

161 4477 224 4521 nou
255 4465 378 4522 certam
408 4463 551 4536 aliquam
583 4463 704 4523 habeut
726 4464 837 4525 sedem
862 4465 894 4524 in
919 4464 1090 4540 sententia,
1117 4446 1154 4525 ut
1176 4464 1230 4543 τίς,
1255 4465 1303 4545 od,
1326 4467 1380 4527 καί
1398 4469 1430 4528 11

161 4562 249 4640 talia,
278 4565 334 4624 sed
367 4580 486 4638 magna
518 4579 592 4626 cum
624 4565 773 4627 libertate
796 4567 902 4641 prouti
925 4565 1056 4626 libitum
1078 4566 1177 4627 fuerlt
1199 4570 1319 4630 ceteris
1342 4582 1428 4631 voca·

127 4808 241 4833 a*
