3120 5124
17 156 22 180 ς
108 116 126 180 5
151 111 207 179 130]
692 114 756 172 333

217 292 332 375 ’κήδετο
354 295 411 379 γὰρ
434 301 575 377 Δαναῶν,
597 298 641 360 ὅτι
664 300 701 382 ῥα
724 299 913 385 θνῄσκοντας
937 296 1062 378 ὁρᾶτο.
1251 301 1278 356 Α
1302 299 1353 357 56.

219 389 257 471 ὥς
273 394 380 477 ’ἔφαθ’
403 401 437 461 ul*
458 395 491 460 δ’
515 398 574 481 ἄρα
597 410 649 480 τῆς
672 403 750 479 μάλα
773 398 827 481 μὲν
845 397 980 462 ’κλύον
1003 394 1053 478 ἠδ’
1068 397 1218 460 ἐπίθοντο.
1242 400 1258 470 ζ
1280 399 1354 457 247.

19 574 39 583 ..
219 496 267 559 001
289 498 342 574 τὰς
365 496 420 579 μὲν
440 496 574 562 ’σεῦαν
596 502 731 581 ποταμὸν
753 503 833 583 πάρα
857 502 1003 580 δινήεντα.
1264 500 1280 570 ζ
1302 499 1354 560 89·

113 602 277 676 Aphaaresis
311 604 424 664 autam
455 603 602 678 syllabici
634 606 813 681 augmenti,
839 620 920 679 qnae
947 602 1133 664 huiusmodi
1155 601 1235 662 locis
1258 602 1356 661 cerni·

8 690 46 785 3}-
114 708 165 779 tur,
180 718 273 777 noque
295 719 339 765 ex
361 703 554 767 Homericae
578 707 729 768 dictionis
753 707 859 767 indole
882 706 964 767 satis
983 708 1057 780 apte
1076 705 1183 778 potest
1203 702 1357 775 explicari

116 819 195 877 nequa
222 820 295 867 oum
325 806 514 867 recentioris
545 807 673 881 linguae
705 809 900 883 proprietate
929 807 1118 881 comparari.
1143 806 1221 865 Post
1242 804 1357 865 0000100

8 944 50 986 23„
118 920 175 966 vero
199 906 340 981 syllabici
370 909 537 982 augmenti
569 911 753 985 suppressio
784 912 897 984 postea
923 924 1052 983 quoque
1077 906 1267 983 pervulgata
1289 921 1356 981 per·

9 1028 46 1085 .·'·.
119 1007 211 1068 mansit
230 1007 312 1069 inter
333 1011 463 1084 postas;
487 1024 551 1083 qua
573 1011 612 1071 ds
635 1027 669 1072 re
693 1027 771 1072 mox
796 1012 889 1086 plura
912 1013 1006 1071 erunt
1029 1010 1171 1070 dicenda.

153 1107 325 1183 subiungam
349 1124 435 1171 nunc
458 1113 742 1187 computationem,
768 1128 850 1186 quae
877 1113 1010 1173 debetur
1033 1111 1154 1171 ferreae
1178 1108 1355 1170 industriae

122 1209 192 1269 amici
215 1212 276 1271 mei
303 1210 434 1272 Mendes
465 1212 505 1273 da
537 1212 649 1287 Oosta;
679 1214 731 1274 hio
761 1215 848 1274 enim
872 1213 959 1275 locos
990 1212 1190 1284 Homericos,
1213 1210 1269 1283 qui
1293 1210 1356 1268 huc

24 1356 62 1399 ,g
123 1309 220 1389 aaut,
240 1315 373 1373 cunctos
396 1313 534 1390 collegit,
558 1315 725 1390 disposuit,
750 1315 934 1390 diudlcavit,
958 1318 991 1375 et
1015 1315 1162 1388 schedae,
1183 1311 1216 1371 in
1240 1310 1356 1384 quibus

15 1434 61 1501 ge*
125 1412 432 1487 comprobabat
455 1430 537 1489 quae
560 1431 678 1489 magno
701 1417 808 1478 labore
831 1417 1052 1492 indagaverat,
1076 1414 1251 1475 liberaliter
1274 1413 1355 1473 mihi

12 1532 66 1588 05,-
126 1515 311 1591 mnmodavit,
336 1518 374 1576 ut
395 1531 453 1591 pro
477 1533 550 1578 meo
574 1519 705 1579 arbitrio
728 1519 769 1579 iis
792 1520 911 1580 uterer.

10 1654 14 1681 l
39 1646 66 1687 :·.
157 1611 192 1673 Ex
207 1616 296 1677 huius
319 1617 418 1691 igitur
441 1619 502 1679 viri
526 1620 610 1680 docti
634 1619 792 1695 catalogis
820 1621 915 1680 didici
940 1634 1021 1694 quae
1045 1620 1111 1679 iam
1135 1633 1210 1679 cum
1233 1615 1357 1677 lectori·

129 1710 170 1772 bus
186 1719 430 1781 communicabo:

477 1909 503 1969 Ι.
529 1910 753 1983 Augmentum
776 1910 960 1986 syllabicam

192 2064 293 2143 legltm
315 2071 396 2132 locis
719 2074 805 2133 5294
831 2071 852 2143 ¹)

192 2170 251 2232 addi
267 2174 376 2248 potest
394 2173 487 2233 locis·
525 2170 527 2175 ’
741 2176 805 2234 982
829 2172 851 2243 ²)

686 2301 830 2308 —--
982 2263 1068 2323 6276

31 2358 68 2399 ··-’
191 2358 269 2422 abest
291 2378 312 2423 a
330 2363 444 2424 formis
467 2378 549 2437 quae
569 2365 759 2425 hexametro

286 2465 405 2539 alioqui
424 2466 523 2526 inseri
535 2480 599 2526 non
610 2469 759 2542 poterant
871 2467 936 2527 410

191 2563 268 2625 abest
290 2581 405 2627 versus
427 2567 519 2627 initio
718 2569 801 2627 1053

284 2670 359 2743 post
378 2682 547 2729 caesuram
738 2670 801 2730 843

284 2770 359 2844 post
380 2769 496 2844 pedem
520 2772 672 2843 quartum
738 2772 802 2831 510

284 2872 359 2945 post
382 2871 525 2945 primum
548 2872 713 2945 dactylum
760 2872 801 2932 41

11 3002 13 3011 .
48 2994 56 3005 .
680 2998 821 3005 -—-
850 2962 934 3020 2441

11 3065 67 3124 rifi
193 3055 269 3120 abest
289 3062 364 3136 post
385 3062 532 3122 vocalem
558 3061 687 3136 longam
737 3064 800 3122 411

31 3170 38 3179 “
454 3208 468 3238 ,
558 3163 691 3224 brevem
760 3164 802 3224 95

685 3304 830 3311 ——
871 3266 935 3326 506

807 3393 952 3400 —-—
982 3355 1068 3413 3403

946 3480 1090 3488 --
1136 3442 1223 3501 9679

133 3554 278 3591 N

154 3689 223 3785 11311
242 3715 339 3762 tantum
365 3715 488 3771 locorum,
512 3715 557 3762 ubi
581 3717 705 3776 mscripta
727 3717 795 3763 inter
820 3730 848 3764 ss
867 3716 1038 3775 consentiunt,
1055 3715 1081 3761 in
1099 3714 1147 3760 hac
1165 3714 1356 3774 computatione

211 3794 244 3838 at
263 3796 335 3856 ratio,
360 3794 408 3842 aad
431 3796 454 3842 01
479 3796 557 3842 modo
583 3797 609 3843 10
635 3808 687 3843 000
713 3795 865 3856 pluribusve
886 3795 1017 3842 codicibus
1033 3795 1163 3853 legeretur
1184 3795 1357 3852 augmentum,

12 3892 66 3935 ςφ-
133 3846 197 3908 ⁸³⁸⁸·
208 3866 230 3915 10
242 3874 311 3922 textu
326 3873 423 3921 tradito
439 3875 532 3922 statuit
548 3877 653 3922 amicus.

12 3982 49 4013 „5
62 3990 65 3995 .
155 3924 205 4022 *lh
222 3947 279 3999 11000
301 3966 429 4001 summam
455 3955 559 4001 amicus-
570 3955 669 4014 recapit
685 3953 764 4001 etiam
782 3955 853 4002 locos
870 3955 934 4001 satis
951 3952 1063 4013 crebros,
1080 3952 1125 3999 ubi
1143 3954 1311 4010 augmentum
1329 3955 1359 3998 ut

20 4073 38 4111 ᾗ
60 4078 69 4091 ,
134 4003 175 4058 *ἢ
192 4028 264 4086 Mt,
285 4031 397 4080 leminea
419 4047 526 4081 0000000
551 4034 578 4080 10
601 4034 744 4081 masculam
768 4038 808 4081 est
830 4033 959 4081 mutanda.
977 4033 1072 4089 Quales
1088 4033 1244 4079 mutationes
1261 4031 1357 4078 habere

12 4098 48 4117 “““
135 4091 308 4171 fflffiwlioeat
332 4125 364 4159 ox
382 4112 414 4159 iia
432 4126 499 4172 quaa
516 4126 576 4173 pag.
593 4115 654 4160 9-11
672 4113 861 4173 disputavimus
879 4115 1010 4172 seqnitur;
1029 4112 1074 4158 sad
1092 4111 1213 4170 quoniam
1233 4110 1356 4168 quioquid

18 4192 68 4241 Τῆ
135 4156 177 4213 ⁵³⁰
194 4175 292 4249 danim,
315 4189 386 4238 inlra'
408 4191 554 4238 addendum
581 4195 621 4238 est
645 4205 761 4239 summae
778 4193 893 4239 locorum
915 4193 959 4239 ubl
977 4194 1144 4249 augmentum
1165 4192 1225 4250 post
1242 4190 1356 4238 vocalem

137 4236 211 4303 hm
224 4267 362 4328 neglegitur,
380 4270 471 4318 ultima
487 4271 565 4318 huius
582 4272 782 4332 computationis
799 4273 864 4319 ratio
881 4273 923 4319 vol
941 4273 977 4319 aio
996 4271 1130 4320 constabit.
