3120 5124
752 409 810 454 XVI

143 586 247 659 erunt,
282 584 436 657 quoniam
470 585 601 657 tempus
635 584 669 643 et
698 582 788 643 locus
818 582 851 641 in
883 581 938 641 via
968 581 1144 642 consistere
1177 583 1299 658 vetant,
1331 597 1414 656 quae

143 687 273 760 cognitu
286 686 352 745 sint
363 684 565 760 dignissima,
583 683 761 744 —simodo
781 682 906 757 possint
926 682 1085 757 cognosci,
1098 683 1221 742 namin
1240 683 1416 757 caliginosa

142 788 271 863 regione
296 788 444 847 versatur
466 787 521 859 qui
544 786 632 846 hisce
656 786 695 846 de
718 785 814 845 rebus
838 784 958 856 aliquid
983 784 1149 858 explorare
1173 786 1316 844 conatur.

771 1038 797 1096 Ι.

188 1237 285 1312 Epioe
319 1236 514 1297 Graecorum
549 1235 694 1295 carmina
729 1236 873 1295 aetatem
907 1233 1052 1295 tulerunt
1084 1234 1163 1295 Ilias
1193 1237 1227 1296 et
1261 1234 1416 1310 Odyssea,

145 1339 201 1400 sed
233 1337 337 1398 multo
360 1338 452 1411 plura
478 1336 557 1397 olim
588 1336 738 1396 extitisse
770 1351 845 1396 cum
876 1336 970 1397 docet
999 1337 1081 1396 ratio
1105 1339 1178 1397 tum
1201 1336 1417 1398 demonstrari

144 1440 260 1514 potest.
284 1437 369 1498 Nam
391 1438 492 1499 fuisse
515 1438 615 1499 fortes
638 1439 714 1498 ante
738 1437 985 1511 Agamemnona
1008 1439 1042 1499 et
1065 1441 1178 1513 poetas
1202 1441 1278 1499 ante
1301 1439 1417 1498 Home·

145 1557 218 1601 rum
252 1541 323 1615 ipsa
357 1541 521 1601 testantur
552 1540 698 1600 carmina
729 1540 828 1615 epiea,
860 1539 893 1600 in
924 1539 1042 1613 quibus
1066 1541 1246 1601 vetustiora
1268 1542 1419 1614 poemata

146 1644 275 1717 saepius
308 1642 481 1703 laudantur
517 1644 727 1713 veterumque
764 1643 877 1701 vatum
913 1641 1092 1702 afferuntur
1122 1643 1255 1703 nomina
1285 1643 1322 1716 ¹);
1358 1641 1420 1716 ipsi

146 1746 258 1804 autem
292 1744 434 1804 Homero
464 1746 592 1818 praeter
623 1744 685 1803 duo
717 1757 799 1814 quae
830 1742 1074 1803 nominavimus
1101 1758 1198 1819 opera
1221 1743 1285 1803 alia
1308 1743 1420 1816 magni

147 1846 290 1906 ambitus
324 1844 401 1905 olim
431 1843 655 1906 tribuebantur
686 1844 852 1919 complura
871 1842 904 1919 ²),
931 1859 1068 1917 quorum
1090 1846 1222 1906 nomina
1244 1844 1363 1905 saltem
1387 1845 1420 1905 et

146 1960 249 2020 pauca
271 1945 431 2018 quaedam
455 1946 637 2020 fragmenta
660 1945 700 2005 ad
724 1961 783 2007 nos
806 1947 1036 2023 pervenerunt;
1064 1949 1230 2022 praeterea
1253 1948 1285 2006 in
1309 1945 1421 2006 iliadis

146 2047 254 2108 codice
274 2048 303 2106 A
333 2061 443 2107 rerum
473 2047 506 2106 in
538 2047 578 2106 iis
602 2049 827 2108 enarraturum
852 2048 950 2107 breve
974 2048 1201 2123 compendium
1226 2048 1374 2121 superest
1397 2047 1420 2116 ³)

148 2164 165 2208 e
189 2147 294 2208 Procli
316 2149 532 2221 grammatica
555 2149 811 2209 chrestomathia
834 2148 856 2218 ⁴)
886 2150 1084 2209 desumtum.

192 2249 309 2309 Postea
332 2251 444 2309 tamen
467 2248 580 2310 Graeci
604 2250 683 2310 haec
701 2251 854 2323 poemata
873 2265 936 2311 non
956 2251 1018 2325 ipsi
1038 2252 1180 2312 Homero
1200 2249 1385 2310 tribuebant
1397 2247 1420 2319 ⁸)

148 2350 205 2410 sed
239 2349 376 2423 singulis
410 2350 548 2411 aliorum
582 2352 751 2424 poetarum
784 2351 937 2421 (Leschae
968 2351 1093 2412 Arctini
1123 2351 1245 2412 Stasini
1272 2349 1420 2418 aliorum)

148 2452 280 2513 nomina
303 2451 531 2526 praefigebant.
556 2452 727 2513 Praeterea
750 2453 872 2526 Hymni
896 2454 929 2513 in
949 2454 1083 2514 deorum
1102 2454 1256 2513 honorem
1277 2451 1420 2526 concepti

148 2553 330 2628 complures
361 2554 446 2614 inter
477 2554 615 2614 Graecos
647 2553 955 2614 circumferebantur
979 2557 1013 2614 et
1034 2554 1176 2615 Homero
1200 2553 1420 2614 adscribeban-

147 2659 218 2731 tur;
251 2672 331 2729 quos
364 2671 467 2729 neque
498 2655 612 2716 eodem
639 2655 768 2715 saeculo
792 2670 896 2728 neque
920 2655 1033 2716 eadem
1057 2656 1091 2716 in
1114 2656 1242 2730 regione
1266 2655 1421 2730 composi·

146 2761 199 2819 tos
234 2772 306 2818 esse
349 2772 473 2832 omnes,
516 2757 632 2816 docent
665 2756 762 2816 dictio
796 2772 969 2830 rerumque
1002 2758 1218 2817 tractatarum
1252 2756 1351 2830 ratio;
1387 2757 1421 2815 in

147 2874 249 2920 unum
284 2860 395 2918 autem
430 2872 545 2932 eorpus
580 2858 706 2930 quando
736 2857 856 2918 fuerint
888 2857 1015 2918 collecti
1044 2873 1160 2932 parum
1193 2859 1330 2918 constat.
1355 2856 1421 2917 Nec

147 2976 211 3022 non
234 2974 290 3033 pro
313 2959 447 3020 Homeri
470 2972 565 3032 opere
586 2957 765 3017 habebatur
789 2959 950 3019 comicum
971 2974 1047 3034 epos
1068 2959 1230 3033 Margites,
1254 2960 1293 3020 de
1312 2959 1420 3034 inepto

146 3061 202 3123 illo
225 3060 355 3121 homine
379 3061 433 3133 qui
456 3052 534 3118 πόλλ’
561 3055 703 3136 ἠπίστατο
725 3055 829 3138 lippo,
852 3068 951 3131 κακῶς
972 3055 1002 3118 δ’
1025 3057 1166 3138 ἠπίστατο
1187 3060 1293 3120 πάντα.
1312 3060 1420 3121 Etiam

146 3165 292 3225 iocosum
315 3175 447 3223 carmen
470 3160 848 3237 Batrachomyomacbia,
873 3161 906 3220 in
929 3176 992 3234 quo
1012 3176 1110 3223 ranae
1133 3178 1307 3235 maresque
1325 3162 1420 3222 inter·

147 3265 259 3325 necivo
290 3263 374 3323 bello
404 3277 440 3322 se
462 3261 656 3321 infestantes
679 3263 827 3322 veterum
852 3263 986 3323 heroum
1010 3264 1104 3337 gesta
1127 3263 1279 3338 referunt,
1304 3262 1420 3323 Home·

148 3382 220 3427 rum
256 3366 422 3425 auctorem
453 3361 570 3422 habere
601 3361 681 3422 olim
711 3363 918 3438 credebatur;
951 3364 1009 3424 sed
1036 3365 1198 3426 recentius
1221 3363 1325 3424 multo
1349 3379 1422 3425 esse

148 3483 245 3542 quam
271 3467 406 3527 Iliadem
431 3467 528 3537 atque
551 3464 731 3538 Odysseam
754 3480 817 3525 non
841 3466 947 3526 solum
969 3465 1141 3528 verborum
1159 3466 1282 3526 formae
1302 3467 1420 3526 totum·

148 3585 211 3643 que
241 3567 366 3629 dicendi
396 3581 500 3641 genus
530 3565 710 3626 luculenter
741 3568 926 3643 ostendunt,
960 3568 1016 3629 sed
1040 3583 1080 3629 ne
1104 3568 1194 3628 nasci
1217 3569 1348 3641 quidem
1371 3584 1421 3642 po·

147 3672 251 3731 tuisse
282 3667 441 3730 eiusmodi
465 3682 546 3741 opus
569 3666 684 3728 eadem
708 3670 816 3730 aetate
840 3684 904 3742 qua
927 3671 1061 3730 strenua
1083 3671 1256 3730 atavorum
1279 3669 1422 3729 facinora

156 3834 342 3845 ——-

183 3924 204 3992 ¹)
220 3927 276 3974 vid.
293 3928 360 3974 inira
377 3940 435 3986 pag.
454 3938 506 3974 m.

182 4001 203 4069 ²)
221 4012 243 4054 ol
266 4009 361 4070 ἀρχαῖοι
386 4007 424 4053 κα)
449 4006 490 4052 ‘eda
517 4009 608 4053 Kalaiou
633 4007 789 4071 ἁναφὸρουσιν
814 4011 846 4062 ele
869 4011 948 4063 abror,
973 4007 1080 4055 Proolu!
1107 4007 1134 4053 in
1159 4007 1300 4054 chrestum.
1324 4021 1349 4067 p.
1371 4009 1419 4055 468

148 4086 229 4134 Gelai.

181 4160 204 4229 ³)
220 4164 292 4222 Pars,
319 4177 385 4224 quse
411 4165 438 4210 in
465 4164 561 4212 oodiois
584 4165 646 4212 folio
671 4181 738 4214 nuno
761 4168 896 4227 deperdito
914 4169 1011 4227 scripta
1029 4169 1093 4227 erat,
1112 4180 1126 4212 e
1144 4166 1233 4213 codiee
1250 4166 1420 4214 Hscorialensi

148 4244 172 4290 Ω
190 4244 203 4290 I
221 4244 252 4290 12
269 4239 314 4308 (de
331 4257 382 4303 quo
399 4243 449 4290 via
467 4245 549 4292 Bothe
566 4244 656 4292 Bbein.
675 4246 741 4293 Mne.
762 4243 837 4310 189³)
856 4248 941 4307 potuit
957 4246 1081 4306 suppleri.

180 4319 202 4386 ⁴)
219 4323 258 4370 De
284 4336 335 4382 qus
361 4323 411 4370 vid
439 4323 547 4371 Photlns
570 4325 596 4370 in
620 4324 743 4372 Biblioth.
766 4326 821 4372 cod.
847 4326 1000 4374 ccxxxlX.
1024 4324 1142 4372 Secundo
1165 4327 1224 4385 post
1242 4326 1300 4373 Chr.
1317 4325 1421 4371 ueoulo

147 4403 216 4449 huno
242 4401 363 4450 Proolum
389 4403 484 4450 vixisse
509 4404 620 4450 coniecit
645 4400 763 4451 Welelrer
786 4405 833 4465 Ep.
859 4406 928 4464 cycl.
952 4405 964 4451 I
988 4407 1086 4465 seqq„
1103 4418 1119 4451 a
1137 4405 1319 4464 Neoplatonico
1337 4403 1421 4462 philo-

148 4481 237 4542 sopho,
255 4482 300 4540 qui
324 4481 361 4528 VO
375 4482 478 4529 saeculo
496 4483 567 4540 vixit,
585 4482 781 4531 discernendum
800 4487 878 4532 ratus.

181 4556 201 4622 ⁶)
220 4560 313 4619 prria
329 4560 441 4608 Homero
458 4561 589 4609 abindieat
605 4561 751 4609 Herodotus
770 4563 797 4609 ΙΙ
816 4564 873 4621 117,
896 4564 1026 4624 Epigonos
1044 4564 1079 4611 Π
1097 4566 1138 4612 111.
