3120 5124
753 393 817 453 228

145 586 211 645 lem
231 600 268 644 v:
292 588 395 660 γῆρυς,
419 577 587 660 μελίγηρυς,
613 575 710 655 Habe,
732 581 860 657 θρῆνυς,
886 582 981 655 κῖκυς,
1003 575 1116 650 ὂὶιιῖιιυς.
1140 579 1296 640 Videatur

144 685 228 745 infra
250 690 353 762 γρῆυς.

188 862 285 922 Vocis
318 861 391 940 βοῦς
423 859 519 920 flexio
543 859 623 919 nihil
647 860 745 920 babet
767 860 900 935 insoliti,
924 860 987 920 nisi
1011 860 1094 933 quod
1119 860 1250 920 dativus
1273 861 1307 921 et

144 965 272 1025 sativus
294 962 423 1023 numeri
447 960 582 1036 pluralis
605 961 763 1035 gemellas
787 963 907 1023 habent
926 963 1049 1023 formas
1073 962 1147 1041 βοῦς
1171 964 1205 1022 et
1226 960 1309 1039 βόας,

144 1068 177 1126 et
202 1065 311 1145 βόεσσι,
336 1065 491 1135 utrasque
515 1063 630 1122 multis
653 1063 733 1123 locis
757 1063 877 1124 obvias.
900 1064 993 1139 Apud
1014 1063 1194 1124 Hesiodum
1218 1063 1310 1135 Theoi

143 1185 200 1245 per
224 1167 388 1242 synizesin
410 1164 636 1240 proferendum
662 1167 711 1225 est
736 1165 827 1265 βοβν,
851 1166 920 1227 loco
944 1166 1063 1241 spurio.

187 1363 342 1425 Vocabuli
375 1368 469 1440 γρῆυς
500 1363 574 1431 (ω)
604 1362 733 1435 praeter
766 1361 1007 1421 nominativum
1044 1361 1216 1420 occurrunt
1251 1374 1310 1420 voc

142 1476 219 1548 γρῆυ
244 1468 277 1527 et
300 1464 430 1526 dativus
452 1463 529 1541 γρηῒ.
553 1463 771 1522 Accusativus
794 1478 857 1522 non
881 1462 1055 1537 invenitur,
1078 1462 1243 1535 genitivus
1263 1476 1310 1520 un

143 1593 162 1628 ο
186 1569 250 1629 438
275 1568 376 1641 extat,
400 1565 455 1625 ubi
479 1565 563 1625 sitne
585 1563 691 1642 γραίης
714 1566 920 1626 scribendum
944 1580 985 1625 an
1008 1562 1099 1643 γρηός
1122 1564 1293 1623 incertum.

144 1671 289 1745 syllabae
312 1669 435 1729 formae
459 1667 662 1741 reperiuntur
680 1675 774 1746 γρηῦς
793 1690 808 1726 ο
826 1670 890 1729 346
912 1690 935 1726 ω
954 1667 1018 1727 389
1039 1668 1072 1727 et
1091 1672 1168 1744 γρηῦ
1188 1686 1203 1722 ο
1224 1663 1287 1723 383
1307 1686 1310 1740 3

145 1787 226 1847 quas
257 1773 293 1830 ut
315 1770 491 1830 recitemus
522 1775 616 1847 γρῆυς
639 1771 673 1829 et
695 1775 772 1847 γρῆυ
796 1770 847 1840 (cf.
872 1771 890 1839 ἓ
917 1771 968 1840 17)
992 1769 1108 1829 suadet
1136 1768 1282 1826 metrum
1304 1786 1310 1823 ι

145 1875 222 1934 sinit
245 1873 276 1933 id
300 1870 370 1932 fleri
393 1893 408 1928 τ
432 1871 496 1931 346
520 1892 536 1948 χ
561 1870 636 1946 411,
661 1872 752 1931 vetat
775 1893 798 1930 ω
822 1872 896 1931 389.

190 2053 260 2111 Vox
284 2056 359 2127 νηῦς
382 2049 430 2108 ita
457 2049 614 2108 flect'tur:

388 2150 425 2210 N.
472 2157 548 2226 νηῦς
827 2158 895 2228 νῆες
934 2154 968 2211 et
991 2148 1062 2222 νέες.

388 2250 427 2311 Α.
474 2257 532 2326 νῆα
828 2259 902 2328 νῆας
933 2255 966 2314 et
989 2250 1066 2326 νέᾶς.

390 2352 426 2412 G.
474 2351 546 2430 νηός
569 2354 603 2413 et
625 2350 692 2422 νεός
826 2362 909 2430 νηῶν
933 2358 967 2415 et
989 2366 1074 2416 νεῶν.

391 2454 427 2514 D.
474 2452 527 2530 νηί
825 2453 938 2531 νήεσσι,
960 2453 1066 2535 νέεσσι,
1087 2461 1186 2538 νηυσί.

188 2557 305 2618 Addito
336 2555 454 2615 suffixo
485 2572 552 2630 -φιε
581 2559 719 2629 beccila)
745 2556 768 2613 Β
794 2557 856 2615 794
880 2559 941 2618 etc.
967 2561 1074 2622 —De
1098 2563 1310 2627 inconstantia

144 2660 239 2720 modo
269 2680 342 2735 νηο-
366 2657 460 2716 modo
484 2679 556 2715 νου-
581 2656 697 2716 dicitur
728 2656 761 2716 in
789 2659 849 2717 bac
872 2674 950 2720 voce
974 2664 1007 2721 et
1030 2663 1101 2724 eius
1128 2667 1310 2728 derivatis:

143 2758 257 2836 κλυτός,
280 2757 441 2818 Ναυσικάα
464 2760 535 2828 ete.)
561 2758 600 2818 cs.
625 2758 642 2827 ἓ
666 2760 696 2818 b.

189 2863 234 2921 De
257 2861 361 2935 prima
384 2858 511 2933 syllaba
533 2860 713 2919 formarum
738 2857 805 2930 νεός
829 2857 892 2932 νέες
915 2864 976 2924 etc.
1002 2871 1148 2942 correpta
1171 2870 1235 2931 vid.
1260 2872 1278 2942 ἓ
1304 2877 1310 2932 ῑ

188 2963 351 3022 Vitiosum
370 2961 592 3022 accusativum
614 2957 666 3018 νέοι
686 2961 774 3021 ι283
795 2964 983 3024 emendavit
995 2982 1057 3027 van
1070 2968 1184 3048 Gendt,
1204 2988 1302 3046 quem

144 3074 221 3132 eunt
245 3073 372 3132 Ahrens
397 3075 430 3132 et
451 3071 563 3132 Nauck
587 3044 681 3141 (01·Ῐὲ
705 3068 748 3148 8).

188 3250 425 3311 Vocabulorum
447 3248 544 3308 σάσοσ
567 3250 600 3308 et
621 3255 688 3306 πῶυ
713 3249 774 3308 bae
794 3253 871 3310 sunt
890 3251 1027 3326 figurae:
1054 3255 1152 3316 idest
1171 3257 1299 3333 έάστεος

142 3350 264 3428 foloraca,
286 3359 353 3411 πῶυ
377 3350 458 3410 πώεα
484 3349 583 3409 πώεσι.

187 3454 225 3514 In
257 3458 291 3511 -σ
323 3455 444 3513 exeunt
465 3453 632 3527 praeterea
658 3454 774 3512 neutra
796 3449 886 3530 μέθυ,
907 3453 993 3534 γόνῦ,
1017 3456 1098 3537 δόρυ.
1123 3462 1223 3522 Primi
1248 3478 1310 3524 non

143 3571 204 3615 vus
224 3557 257 3615 et
281 3570 346 3615 acc.
370 3555 499 3613 tantum
524 3554 736 3629 reperiuntur,
762 3553 801 3614 de
823 3558 963 3617 secundo
988 3561 1021 3618 et
1044 3563 1140 3622 tertio
1164 3564 1203 3624 cf.
1229 3565 1247 3634 s
1271 3567 1310 3627 68

187 3732 429 3793 Adiectivorum
461 3731 493 3790 in
524 3735 574 3802 -ὕς
605 3735 638 3790 -ὕ
669 3752 728 3790 -εια
752 3731 969 3795 desinentium
994 3737 1040 3797 ita
1071 3740 1246 3805 flectuntur
1268 3759 1310 3805 m:

142 3849 221 3893 num
245 3835 278 3894 et
303 3835 472 3893 neutrum:

275 3931 363 4011 ταχέας
387 3931 459 4012 ταχῧ
483 3931 573 4012 ταχῧν
596 3930 696 4011 ταχέας
719 3931 804 4012 ταχέϊ.

275 4032 372 4114 ταχέες
395 4032 481 4114 ταχέᾶ
504 4033 606 4113 ιαχέᾶς
629 4032 739 4113 ταχέων
765 4034 902 4116 ταχέεσσι.

187 4136 295 4196 Dativi
319 4137 492 4211 singularis
515 4139 582 4198 iota
605 4138 734 4199 eliditur
758 4141 789 4196 H
813 4141 854 4202 86
879 4164 902 4201 ιο
927 4143 979 4220 82,
1004 4140 1153 4223 πλατέ’(ι),
1183 4152 1273 4213 codd.
1309 4187 1310 4191 =

144 4235 188 4295 uf.
213 4237 231 4305 ἓ
257 4239 306 4297 13.

187 4339 346 4399 Adiectivi
374 4336 463 4417 εὐρΰς
489 4343 696 4401 accusativus
729 4342 809 4416 sing.
835 4359 936 4407 masc.
965 4347 1126 4423 plerisque
1153 4350 1234 4414 locis
1259 4355 1302 4417 de

142 4439 302 4501 formatus
335 4444 395 4517 est,
428 4439 530 4520 edatio,
559 4444 615 4503 sed
645 4440 731 4522 εὐρέα
760 4444 872 4505 πόντον
902 4449 954 4509 vel
985 4449 1096 4510 κόλπον
1120 4456 1172 4513 est
1196 4457 1221 4512 Z
1245 4458 1310 4518 291

142 4543 172 4596 Σ
195 4543 257 4600 140
284 4544 312 4598 Φ
337 4543 398 4601 125
424 4541 440 4600 ὁ
465 4544 529 4602 435
553 4565 576 4601 ω
603 4545 674 4603 118.
