3120 5124
766 261 806 317 52
1326 266 1354 334 [ἓ
1379 266 1417 323 10

148 451 237 509 etin
269 448 469 508 scenicorum
501 448 669 520 poetarum
702 446 850 519 operibus
878 448 1001 521 passim
1025 452 1228 522 permutatas
1256 467 1329 511 osse
1352 468 1416 526 par·

149 553 265 612 ticulas
293 550 401 610 οὕνεκα
427 552 459 608 et
481 546 588 623 εἵνεκα,
612 547 687 619 quin
711 549 898 609 etiamnunc
922 549 1087 609 dubitatur
1106 552 1190 612 sitne
1210 554 1418 627 Aristophani

148 655 269 715 comico
302 651 399 711 εἵνεκα
429 650 533 709 forma
564 649 754 708 vindicanda
778 665 820 709 an
843 648 952 708 οὕνεκα
977 666 1075 711 sensu
1094 657 1230 728 propter.
1255 671 1362 715 causo.
1387 655 1419 715 Si

151 772 226 816 vero
261 770 358 827 quam
395 753 539 811 maxime
574 753 746 827 constaret,
777 750 887 810 οὕνεκα
919 755 952 813 et
974 753 1099 812 τούνεκα
1125 771 1166 815 ex
1190 751 1418 826 (ooo-civem

150 857 316 932 prodiisse,
344 854 529 928 aphaeresis
550 853 630 912 haec
656 854 797 912 vocanda
821 856 910 913 esset
932 856 1040 928 potius
1064 872 1161 929 quam
1185 859 1297 918 erasis

194 959 283 1017 Haec
314 957 422 1016 omnia
452 955 550 1027 igitur
578 954 726 1014 detrahe:
753 958 943 1015 -restant
975 958 1007 1016 in
1036 959 1233 1019 carminibus
1258 960 1359 1033 epicis
1381 975 1419 1020 ea

150 1062 219 1121 sola
254 1075 335 1133 quae
370 1073 466 1131 supra
497 1056 669 1115 attulimus
700 1072 828 1116 craseos
860 1060 1026 1132 exempla:
1060 1053 1159 1135 τᾶλλα,
1190 1059 1293 1137 οὑμός,
1316 1059 1420 1133 monog,

150 1163 281 1240 ὤριστος,
312 1157 428 1229 καύτός,
455 1155 560 1233 καύτή,
583 1155 693 1234 χήμεῖς,
719 1153 872 1237 ὠρίγνωτε.
897 1161 945 1219 Ex
969 1162 1020 1220 llis
1043 1163 1196 1235 probabili
1221 1164 1418 1224 correctione

149 1264 310 1325 removeri
350 1263 485 1336 possunt
523 1275 562 1318 ea
596 1274 677 1330 quae
713 1260 886 1320 articulum
921 1263 1101 1322 admistum
1136 1265 1265 1340 habent,
1301 1281 1418 1340 nempe

149 1366 318 1439 legendum
343 1365 394 1424 est
417 1357 501 1437 ἡμὰς,
523 1359 621 1431 αὐτός,
645 1354 683 1436 ὄχ’
710 1357 843 1437 ἅρισιος;
868 1364 984 1422 ultima
1009 1366 1119 1424 autem
1144 1367 1298 1426 correctio
1319 1381 1417 1439 quam

149 1470 192 1527 sit
215 1466 398 1528 necessaria
428 1463 549 1536 optime
572 1463 713 1521 cernitur·
737 1486 753 1540 ρ
778 1465 852 1537 lio,
877 1481 939 1537 quo
963 1465 1032 1525 loco
1056 1469 1231 1539 praedicati
1257 1469 1326 1528 vice
1350 1469 1416 1527 fun·

149 1571 234 1642 gitur
265 1567 461 1628 adiectivum
492 1561 608 1639 ἄριστος
638 1579 741 1636 neque
772 1566 944 1626 articulum
977 1569 1075 1640 igitur
1098 1569 1252 1629 admittit.
1276 1571 1315 1629 ln
1340 1586 1417 1630 voce

149 1667 294 1748 ὠρίγνωτε
329 1669 399 1727 sive
434 1656 457 1724 ὦ
488 1662 628 1743 ἀρίγνωτε
672 1666 778 1739 ipsum
813 1682 932 1728 nomen
968 1671 1099 1742 gravius
1134 1670 1234 1730 etiam
1269 1670 1418 1744 displicet

149 1788 246 1846 quam
271 1772 372 1831 orasis
397 1767 447 1827 vel
470 1767 638 1841 synizesis,
663 1773 855 1842 quapropter
879 1762 916 1828 ’ὦ
940 1767 1082 1850 ἀμέγαρτε
1106 1773 1313 1833 scribendum
1334 1772 1415 1832 vide·

149 1888 201 1934 tur
236 1873 307 1934 coll.
343 1895 359 1948 ρ
392 1872 465 1928 219.
499 1868 648 1942 Quaeque
680 1869 746 1927 iam
779 1871 849 1930 sola
879 1876 1054 1946 supersunt
1077 1866 1165 1932 τᾶλλα
1189 1872 1298 1945 καύτός
1321 1871 1415 1950 καύτή

147 1972 248 2053 χήμεῖς
270 1977 380 2033 utrum
405 1970 509 2030 crasin
534 1984 575 2028 an
598 1969 766 2028 elisionem
790 1972 966 2033 admittant
989 1976 1149 2036 incertum
1175 1977 1206 2051 ¹),
1239 1978 1273 2036 et
1296 1970 1316 2034 τ’
1343 1972 1414 2035 ἄλλα

148 2080 234 2138 certe
264 2075 425 2137 codicibus
455 2087 518 2132 non
550 2071 661 2129 invitis
693 2073 788 2131 scribi
819 2076 935 2150 potest,
967 2077 1054 2136 iusta
1085 2080 1197 2137 autern
1229 2093 1329 2138 causa
1361 2093 1416 2139 our

147 2179 274 2240 articuli
305 2177 472 2237 elisionem
504 2173 634 2232 omnino
661 2174 837 2246 refugerint
860 2179 973 2250 poetae
993 2180 1074 2252 epici
1095 2180 1271 2252 excogitari
1292 2180 1412 2253 nequit

147 2282 249 2343 Voces
281 2294 356 2339 vero
391 2275 498 2344 καύτός
533 2273 626 2349 καύτή·
660 2271 760 2351 χήμεῖς
795 2280 955 2338 erroribus
988 2280 1153 2356 debentur,
1185 2281 1240 2352 qui
1274 2281 1412 2341 fortasse

147 2384 216 2444 tolli
240 2381 384 2456 possunt.
412 2377 456 2437 of.
481 2376 648 2435 Hermann
672 2377 710 2436 de
735 2379 893 2450 particula
916 2377 953 2437 dv
977 2382 991 2440 Ι
1015 2398 1044 2456 p.
1072 2384 1143 2442 175.

191 2487 228 2544 ln
259 2481 427 2543 Hesiodeis
459 2480 630 2538 occurrunt
659 2475 769 2552 τῶμισυ
801 2480 892 2553 oper.
919 2484 992 2557 559,
1021 2480 1077 2540 κάκ
1100 2483 1217 2556 Theog.
1244 2484 1411 2554 triciono

146 2587 288 2660 recenti),
323 2580 379 2641 κάν
414 2582 506 2654 Oper.
537 2581 599 2638 357
632 2579 720 2638 codd.
752 2580 876 2653 aliquot
906 2580 966 2652 (nai
1000 2599 1141 2658 papyrus
1177 2585 1317 2658 aliique),
1353 2583 1412 2655 κείς

147 2691 238 2764 Oper.
271 2688 312 2745 44
346 2685 443 2754 (recte
473 2678 523 2740 καὶ
555 2679 595 2751 εἰς
625 2696 681 2754 pro
713 2698 743 2740 σε
775 2681 833 2752 κείς
865 2684 1054 2762 Hermann),
1088 2684 1156 2755 τοὺς
1188 2684 1281 2763 αὐτῆς
1310 2685 1411 2757 (lobs

145 2789 247 2867 αὐτῆς)
270 2789 387 2859 'l'heog.
412 2785 486 2858 470,
510 2779 645 2851 κάκεῖνος
671 2782 762 2855 Oper.
789 2785 852 2843 295
877 2787 950 2854 (vid.
976 2791 1093 2861 supra).

189 2892 282 2965 Apud
314 2887 507 2948 recentiores
537 2885 650 2958 poetas
675 2885 798 2943 sensim
823 2886 997 2948 increbruit
1020 2891 1122 2950 orasis
1144 2885 1177 2965 ²),
1202 2906 1222 2949 a
1245 2890 1412 2951 Theocrito

145 2996 256 3052 autem
286 3002 462 3064 permagna
489 2986 648 3060 libertate,
674 2987 795 3045 maiore
820 2988 918 3047 etiam
944 2991 983 3049 ab
1008 2992 1137 3052 Herode
1159 2993 1192 3052 in
1216 2992 1413 3053 Mimiambis

145 3097 196 3154 est
218 3093 370 3166 admissa,
396 3089 508 3161 utqui
532 3088 672 3148 dixerint
695 3104 722 3146 e.
747 3103 776 3160 g.
801 3083 860 3164 χώκ
884 3105 940 3164 pro
964 3089 1013 3149 καὶ
1034 3088 1049 3151 ὁ
1074 3090 1105 3151 ἐκ
1134 3094 1293 3155 Theocrit.
1319 3096 1333 3154 I
1361 3096 1411 3168 72,

143 3195 246 3273 χῶγων
269 3210 325 3269 pro
348 3189 398 3251 καὶ
422 3188 437 3249 ὁ
461 3187 542 3268 ἄγων
566 3189 682 3248 Herod.
708 3189 752 3247 lv
777 3192 828 3249 oo.

188 3298 330 3357 ionicam
362 3294 535 3354 dialectum
568 3291 641 3350 inde
673 3306 693 3349 a
724 3293 817 3350 sexto
848 3295 934 3352 certe
958 3295 1087 3354 saeculo
1110 3297 1216 3356 crasin
1239 3312 1305 3356 non
1329 3313 1413 3371 spre-

144 3401 230 3460 visse
249 3400 412 3458 testantur
430 3394 666 3468 inscriptiones
688 3393 720 3451 iu
734 3394 850 3464 quibus
863 3394 1050 3453 ΩΠΟΛΛΩ
1063 3401 1096 3456 et
1111 3399 1416 3458 ΤΩΠΟΛΛΩΝΟΣ

143 3502 184 3573 (id
209 3505 259 3560 est
283 3489 404 3558 ὦπόλλω
428 3498 461 3556 at
484 3490 686 3563 τώπόλλωνος)
712 3497 744 3553 et
768 3494 889 3554 similia
914 3498 1125 3569 reperiuntur.

411 3756 476 3810 111.
504 3756 554 3809 De
575 3766 737 3821 apocope,
760 3753 952 3823 aphaeresi,
976 3771 1141 3827 syncope.

186 3938 208 4019 §
235 3938 288 4004 lo.
323 3938 503 3999 Particulae
538 3937 685 4008 quatuor,
721 3930 779 3989 ἀνά
814 3933 888 3991 κατά
922 3936 1003 4012 παρά
1038 3934 1105 4014 ἄρα,
1139 3955 1277 4013 quarum
1318 3941 1416 4016 alpha

141 4043 236 4104 finale
271 4045 346 4103 ante
384 4042 511 4102 vocales
544 4038 673 4110 albione,
709 4051 791 4107 quae
826 4036 951 4112 dicitur,
985 4041 1148 4101 obscurari
1179 4059 1274 4117 posse
1297 4060 1355 4118 per
1378 4061 1415 4107 se

176 4271 194 4338 ¹)
212 4275 351 4322 videantur
383 4289 448 4334 qum
480 4275 550 4335 opud
581 4275 770 4322 Kohner·Blass
797 4276 808 4320 l
835 4291 860 4335 p.
888 4278 936 4321 226
963 4276 1104 4320 afferuntur
1130 4288 1160 4321 ex
1187 4275 1413 4336 inscriptionibusr

140 4356 279 4414 κυίνοπίδης,
298 4357 361 4408 κούκ,
380 4359 424 4407 xta,
444 4368 496 4409 „wo
514 4355 559 4400 das
577 4373 599 4400 αι
618 4359 799 4414 ausgestosson
816 4355 941 4402 scheint’‘.

174 4429 192 4491 ²)
211 4434 248 4480 Oi.
266 4433 355 4480 Hartel
374 4433 441 4480 hom.
459 4433 565 4480 Studien
584 4434 623 4478 lll
641 4448 665 4493 p.
685 4437 723 4480 48.
