3120 5124
181 397 193 463 §
210 396 247 464 10]
758 399 798 455 53

181 584 337 656 intellegitur
372 584 423 654 (cf.
456 584 473 652 ἓ
501 586 560 657 13),
593 586 668 642 ante
704 599 862 642 consonas
893 598 1018 655 quoque
1053 583 1179 642 litteras
1210 585 1271 644 hac
1308 586 1409 645 vocali

180 689 380 759 eubecaram,
405 687 439 745 et
461 701 613 758 apocopen
636 688 713 745 tunc
737 701 851 759 passae
876 701 947 744 esse
972 686 1121 744 dicuntur
1144 702 1163 744 a
1185 688 1409 760 grammaticis

179 786 282 862 Graecia,
311 788 364 860 qui
387 788 420 846 in
443 788 674 860 phoenomenis
697 788 825 860 linguae
850 788 958 861 epicae
982 787 1180 860 explicandis
1203 803 1222 846 a
1246 804 1304 847 suo
1328 789 1406 862 ipso·

179 903 229 946 run
254 904 397 949 sermone
431 888 587 962 proticisci
623 890 779 949 solebant.
816 889 935 947 Parum
972 892 1084 962 aptum
1119 892 1245 957 tamen⁴
1264 892 1314 949 est
1348 891 1408 949 hoc

178 1003 263 1048 nomen
293 991 330 1049 ad
361 1006 432 1049 rem
464 992 502 1050 de
533 1006 597 1063 qua
629 992 790 1064 loquimur
813 992 1053 1064 designandam,
1090 991 1179 1050 nulla
1203 991 1288 1051 enim
1318 994 1409 1051 extat

178 1104 247 1149 ausa
263 1107 314 1151 cur
333 1092 467 1151 voculas
488 1095 728 1167 monosyllabas
752 1090 789 1152 ἅν
809 1093 863 1151 κάν
881 1093 941 1170 πάρ
965 1091 1002 1169 iio
1022 1110 1078 1168 pro
1098 1094 1274 1153 decurtatis
1295 1095 1406 1154 babea-

178 1205 229 1249 nus
253 1194 353 1266 potius
385 1209 482 1266 quam
514 1196 657 1268 integras
689 1211 809 1269 suoque
836 1196 903 1255 iure
928 1198 1023 1254 natas
1047 1196 1240 1255 arbitremur
1264 1199 1295 1264 ¹).
1321 1195 1408 1254 Nulli

177 1294 256 1352 subm
273 1294 419 1355 licentiae
439 1297 535 1355 metri
558 1312 657 1357 causa
676 1297 849 1357 indulsisse
869 1299 981 1370 poetas
1002 1298 1108 1371 epicos
1129 1313 1202 1357 cum
1224 1297 1264 1355 iis
1284 1300 1406 1356 uteren-

177 1395 220 1468 tur,
245 1411 280 1454 οε
311 1397 459 1457 dialectis
492 1398 643 1458 Boeotica
678 1399 834 1458 Laconica
868 1399 940 1457 aliis
975 1401 1116 1473 apparet,
1145 1401 1179 1458 in
1203 1400 1318 1471 quibus
1341 1414 1406 1472 per·

177 1493 291 1568 vulgatae
314 1500 400 1559 sunt.
426 1499 581 1572 Exempla
601 1514 757 1573 apocopes
778 1515 817 1559 ex
839 1500 1019 1560 Homericis
1039 1501 1237 1561 carminibus
1258 1500 1408 1560 desumta

177 1593 233 1656 baec
251 1601 337 1659 sunt:

471 1699 531 1779 πὰρ
555 1701 655 1777 ξίφεος
717 1727 749 1747 =
773 1701 854 1781 παρὰ
877 1701 986 1778 ξίφεος.

472 1802 655 1881 παρθέμενοι
718 1830 751 1850 =
774 1803 986 1882 παραθέμενοι.

208 1900 435 1976 Praepositionis
467 1902 545 1975 dud)
581 1907 690 1967 littera
725 1923 865 1967 consona
901 1909 977 1968 ante
1011 1908 1193 1980 gutturales
1224 1906 1261 1965 fit
1283 1929 1310 1983 γ,
1333 1907 1408 1965 aute

174 1999 277 2064 latiales
299 2029 329 2082 μ,
355 2007 474 2067 litteris
496 2009 519 2066 f
539 2012 572 2069 et
594 2015 610 2067 λ
634 2013 744 2070 autem
769 2011 990 2070 assimulatur.
1016 2009 1049 2068 E.
1074 2024 1121 2081 g.:

473 2107 680 2188 ἀγκρεμάσασα
719 2138 752 2157 =
775 2109 1011 2189 ἀνακρεμάσασα.

473 2206 513 2285 ὰμ
536 2210 640 2271 πεδίον
717 2239 749 2259 =
773 2210 832 2271 ὰνὰ
854 2213 967 2272 πεδίον.

473 2307 629 2389 ἀμβαίνειν
718 2340 751 2358 =
772 2312 954 2392 ἀναβαίνειν.

475 2408 515 2488 ὰμ
538 2413 635 2489 φόνον
717 2440 750 2459 =
773 2413 831 2474 ἀνὰ
855 2415 959 2492 φόνον.

474 2511 600 2591 ἀμμίξας
717 2542 750 2562 =
773 2514 926 2594 ἀναμίξας,

471 2613 646 2697 ὰίίέρυσαν
716 2656 748 2676 =
771 2616 963 2696 ὰναίὲρυσαν
993 2620 1066 2690 (vid.
1092 2619 1110 2688 ἓ
1134 2619 1196 2689 40).

472 2718 629 2780 ἀλλύεσκεν
715 2747 747 2767 =
771 2718 958 2781 &vallisdora

205 2811 378 2891 Praepositio
410 2824 504 2894 rond)
535 2825 608 2897 post
640 2839 798 2897 apocopen
824 2824 950 2883 nonnisi
975 2825 1051 2883 ante
1075 2822 1219 2881 litteram
1242 2825 1266 2877 θ
1290 2821 1405 2880 immu-

163 2915 222 2975 tato
239 2928 340 2985 manet
362 2923 396 3003 ²),
420 2927 494 2987 aliis
517 2940 592 2984 vero
616 2925 734 2985 litteris
757 2928 909 2999 perpetuo
934 2925 1155 2985 assimulatur.
1182 2923 1215 2983 E.
1240 2938 1289 2995 g.:

470 3026 601 3085 κάτθανε
715 3051 748 3070 =
771 3025 931 3085 κατύθανε.

471 3126 601 3206 κάββαλε
718 3153 750 3172 =
773 3126 926 3207 κατάβαλε.

470 3227 526 3309 κὰγ
553 3227 628 3308 γόνυ
717 3254 749 3274 =
773 3227 846 3288 κατὰ
869 3228 951 3308 γόνυ.

473 3330 530 3391 κὰδ
554 3328 587 3389 δέ
717 3356 750 3376 =
773 3328 847 3389 κατὰ
871 3328 910 3390 δέ.

470 3431 527 3493 κὰκ
550 3436 681 3510 κεφαλῆς
715 3458 748 3478 =
770 3431 844 3492 κατὰ
868 3438 1007 3510 κεφαλῆς.

471 3535 614 3594 κάλλιπον
717 3559 749 3578 --
772 3534 942 3594 κατοίλιπον.

470 3635 530 3712 κὰμ
555 3632 663 3712 μέσσον
716 3660 748 3679 =
771 3634 845 3693 κατὰ
873 3633 989 3712 με’σσον.

470 3737 636 3807 καννεύσας
716 3762 748 3781 =
770 3737 961 3807 κατανεύσας.

469 3837 530 3896 κὰπ
553 3838 657 3897 πεδίον
715 3861 748 3882 =
771 3836 845 3897 κατὰ
868 3838 980 3897 πεδίον.

469 3937 649 4019 καρρέζουσα
717 3966 749 3986 --
773 3937 979 4019 καταρὲζουσα.

186 4042 267 4101 Ante
290 4043 371 4102 duas
394 4045 607 4103 consonantes
630 4042 739 4102 littera
759 4065 773 4100 r
792 4059 855 4102 non
876 4044 1022 4102 mutatur
1042 4043 1096 4102 sed
1118 4042 1269 4113 abicitur;
1290 4055 1405 4113 nempe

142 4144 175 4202 in
196 4144 282 4203 bisce
305 4144 487 4204 vocabulis:

174 4326 191 4390 ¹)
211 4328 291 4381 „Dans
299 4342 358 4374 man
368 4329 445 4373 unter
453 4327 520 4373 allen
529 4327 685 4379 Umatinden
696 4327 737 4372 die
747 4327 838 4373 vollste
855 4328 930 4373 Form
940 4327 986 4373 der
998 4327 1156 4386 Prdposition
1168 4327 1205 4371 als
1214 4326 1256 4371 die
1265 4329 1405 4386 urspriing-

140 4408 246 4463 „lichste
264 4407 458 4464 benachtet...
476 4407 510 4452 ist
526 4407 567 4452 ein
585 4408 745 4464 unrichtiger
764 4408 942 4466 Standpunkt'’
962 4409 1108 4465 Brugmsnn
1127 4420 1163 4463 gr.
1184 4407 1298 4452 Gramm.
1315 4405 1329 4463 ξ
1349 4408 1405 4464 64,6

172 4482 190 4544 ²}
208 4487 290 4533 Etiam
317 4487 442 4544 sequente
467 4486 551 4532 littera
576 4502 588 4530 z
610 4487 745 4532 immutata
769 4490 892 4546 maneret,
915 4486 960 4533 sed
979 4487 1042 4531 nulli
1061 4485 1186 4531 vocabulo
1205 4486 1236 4531 ab
1254 4486 1302 4531 hoc
1321 4485 1406 4530 littera

139 4567 271 4627 incipienti
288 4564 470 4626 praemittitur.
