3120 5124
758 420 790 463 LI

138 603 196 661 que
225 589 397 665 mscripta,
428 604 510 663 quae
541 590 703 650 codicibus
730 605 816 651 nunc
838 590 1026 650 extantibus
1049 605 1105 664 pro
1129 590 1288 665 exemplis
1311 591 1410 666 fuere,

139 690 170 749 in
195 690 337 763 singulis
359 691 485 764 paginis
508 692 660 752 habuisse
683 707 799 752 versus
821 691 927 767 XXII,
950 690 1174 752 demonstrare
1198 693 1308 753 studui
1328 709 1412 754 anno

142 791 220 850 1881
245 793 281 852 in
306 791 586 854 commentatione
610 794 648 854 de
668 793 777 854 Aiacis
799 792 964 867 Sophoclei
984 793 1153 854 authentia
1173 797 1206 854 et
1225 795 1412 869 integritate

139 908 207 967 pag.
242 893 307 953 140
339 909 408 968 sqq.
440 897 474 956 et
507 896 569 955 194
601 909 682 970 sqq,
712 895 745 955 in
777 909 840 968 qua
870 895 1144 956 commentatione
1172 896 1234 957 etsi
1258 897 1412 957 nonnulla

139 995 246 1055 minus
266 997 372 1073 caute,
393 996 458 1056 alia
477 997 587 1057 minus
606 998 693 1057 recte
713 997 879 1071 disputata
898 1012 970 1057 esse
990 998 1103 1072 postea
1118 999 1216 1074 sensi,
1230 998 1269 1058 de
1280 1012 1414 1059 summa

139 1098 248 1157 tamen
272 1098 320 1157 rei
344 1112 397 1158 me
419 1112 483 1157 non
507 1113 635 1158 errasse
659 1099 845 1159 etiamnunc
869 1097 1003 1159 confido.

182 1197 346 1258 Versuum
368 1214 542 1259 numerum
565 1200 594 1260 si
614 1201 789 1261 editoribus
812 1199 1040 1260 Alexandrinis
1063 1214 1120 1274 pro
1139 1200 1270 1260 arbitrio
1295 1201 1412 1274 eligere

141 1299 296 1376 licuisset,
328 1300 392 1359 XX
418 1301 530 1375 opinor
557 1300 608 1361 vel
635 1301 727 1360 XXV
753 1316 868 1361 versus
896 1301 1034 1373 singulis
1052 1301 1178 1375 paginis
1206 1302 1412 1377 tribuissent;

141 1400 323 1462 litterarum
344 1416 429 1478 vero,
449 1417 531 1474 quae
551 1403 696 1477 ipsorum
714 1405 823 1464 aetate
842 1403 1090 1479 usurpabantur,
1110 1403 1139 1463 si
1158 1403 1304 1465 licuisset
1323 1405 1414 1478 sequi

142 1504 268 1578 seriem,
293 1503 402 1563 XXIV
420 1504 453 1563 in
473 1504 611 1579 singulis
631 1505 757 1580 paginis
777 1520 893 1566 versus
912 1505 1092 1565 exarandos
1113 1508 1292 1582 curassent,
1305 1520 1413 1579 quem·

142 1605 316 1665 admodum
340 1605 371 1664 in
394 1605 503 1666 XXIV
525 1606 624 1666 libros
647 1609 821 1679 utrumque
845 1621 925 1681 opus
948 1606 1157 1667 diremerunt.

185 1706 234 1766 Ad
264 1706 398 1766 Homeri
425 1708 536 1768 autem
559 1708 795 1783 exemplarium
818 1723 967 1768 normam
991 1708 1132 1769 directae
1156 1709 1234 1768 sunt
1257 1709 1415 1770 editiones

144 1810 323 1869 ceterorum
336 1810 485 1869 veterum
505 1811 674 1884 poetarum
693 1825 753 1871 nec
772 1825 836 1870 non
849 1810 1043 1884 scriptorum
1055 1810 1265 1886 pedestrium,
1278 1825 1415 1884 quorum

143 1924 246 1986 opera,
278 1911 316 1969 ut
348 1911 491 1971 ambitus
522 1914 672 1972 accurate
703 1910 828 1973 definiri
856 1912 1060 1987 pretiumque
1093 1912 1177 1985 quod
1200 1927 1255 1985 pro
1279 1911 1416 1984 singulis

143 2008 363 2072 voluminibus
386 2013 577 2074 solvendum
601 2017 690 2075 esset
713 2014 867 2075 constitui
887 2016 1006 2088 posset,
1028 2013 1134 2074 divisa
1152 2015 1231 2074 sunt
1247 2015 1280 2073 in
1302 2012 1417 2091 στίχους

145 2113 183 2173 ad
203 2127 393 2174 mensuram
415 2131 530 2176 versus
550 2116 668 2178 heroici
688 2117 831 2192 exactos,
847 2115 1030 2176 litterarum
1042 2116 1141 2188 igitur
1153 2115 1218 2175 iere
1231 2115 1370 2175 XXXIV
1385 2114 1415 2193 ¹),

146 2215 419 2286 quemadmodum
434 2220 547 2292 postea
565 2218 704 2279 librariis
716 2218 872 2278 Romanis
886 2233 992 2277 cerem
1011 2217 1206 2291 Vergilianus
1217 2217 1415 2290 syllabarum

148 2315 221 2376 XVI
244 2331 302 2391 pro
325 2318 451 2379 unitate
475 2319 537 2379 fuit
555 2315 587 2388 ²).

189 2419 304 2492 Itaque
327 2419 375 2480 sie
398 2422 518 2498 statuo,
542 2423 600 2482 aut
621 2421 649 2480 si
673 2435 788 2495 parum
812 2421 971 2481 certares
996 2421 1133 2496 videtur,
1154 2421 1300 2495 suspicor
1318 2423 1415 2495 atque

148 2518 282 2581 firmiter
301 2522 383 2582 mihi
401 2523 564 2597 persuasi:
585 2523 784 2597 exemplaria
803 2523 951 2583 veterum
971 2524 1141 2598 poetarum
1159 2523 1416 2596 scriptorumque

147 2621 354 2699 pedestrium,
398 2638 481 2696 quae
522 2624 595 2686 inde
632 2640 653 2685 a
687 2624 876 2685 Callimachi
909 2626 1054 2699 tempore
1089 2625 1304 2685 Alexandriae
1339 2626 1417 2685 sunt

147 2725 280 2783 exarata
303 2725 341 2783 ut
360 2723 394 2783 in
413 2724 613 2787 bibliothecis
630 2727 727 2799 regiis
747 2728 1002 2802 asservarentur,
1023 2727 1132 2787 omnia
1151 2727 1264 2786 eodem
1285 2726 1415 2786 modulo

147 2838 217 2885 esse
248 2825 410 2903 confecta3
444 2828 591 2888 chartam
621 2828 745 2901 regiam
775 2842 858 2900 quae
888 2827 950 2888 dici
982 2827 1107 2888 solebat
1130 2843 1203 2887 esse
1226 2826 1415 2903 adhibitam,

147 2939 260 2985 versus
291 2927 323 2985 in
347 2927 484 3001 singulis
506 2929 632 3003 paginis
655 2929 756 2988 tuisse
780 2928 910 2989 vicenos
933 2928 1035 3004 binos,
1059 2943 1194 3002 operum
1216 2930 1415 3004 pedestrium

147 3041 260 3087 versus
291 3027 475 3089 hexametri
502 3030 694 3102 longitudini
726 3030 881 3102 aequatos
901 3026 939 3103 ³);
973 3028 1038 3088 illis
1062 3030 1302 3104 exemplaribus
1326 3029 1415 3091 Calli·

147 3129 299 3189 maehum
319 3144 392 3190 esse
411 3146 509 3191 usum
528 3146 602 3191 cum
625 3128 760 3202 Πίνακας
775 3144 853 3190 suos
865 3132 1079 3207 componeret,
1093 3131 1125 3190 in
1138 3131 1255 3204 quibus
1266 3133 1415 3193 veterum

147 3243 279 3304 operum
309 3233 462 3292 accurata
491 3231 588 3293 flebat
618 3232 762 3292 recensio
794 3233 827 3291 et
856 3231 1057 3305 singulorum
1089 3232 1234 3292 ambitus
1261 3234 1415 3294 describe·

147 3331 255 3406 batur;
292 3332 367 3394 hinc
401 3335 513 3395 autem
544 3334 712 3394 desumtas
743 3349 816 3394 esse
848 3334 943 3394 notas
974 3334 1233 3394 stichometricas
1268 3350 1350 3408 quae
1383 3336 1415 3395 in

147 3434 259 3494 multis
285 3435 448 3495 codicibus
471 3435 631 3495 hodiernis
654 3435 874 3495 inveniuntur.

190 3536 349 3598 Constans
376 3540 488 3598 autem
511 3538 540 3597 si
562 3537 624 3598 fuit
646 3538 679 3597 in
704 3536 841 3611 singulis
863 3537 989 3611 paginis
1014 3552 1168 3598 versuum
1192 3552 1358 3614 numerus,
1382 3539 1414 3597 in

146 3641 296 3714 promptu
319 3641 371 3700 est
393 3639 564 3714 explicatio
590 3639 761 3700 verborum
784 3638 924 3714 Didymi,
947 3639 1116 3699 referentis
1141 3655 1272 3699 versum
1297 3641 1331 3697 Π
1352 3642 1415 3700 818

147 3740 185 3799 ab
208 3740 396 3801 Aristarcho
420 3741 453 3800 in
473 3741 611 3801 editione
631 3742 734 3815 priore
754 3756 827 3801 esse
847 3741 1018 3816 omissum,
1039 3741 1071 3800 in
1091 3740 1194 3801 altera
1214 3756 1289 3800 vero
1308 3736 1416 3819 ἄλογον

179 4018 199 4086 ¹)
215 4022 272 4070 tid.
301 4021 347 4069 ch.
374 4022 461 4070 Graux
486 4022 571 4069 Berua
598 4022 631 4070 de
656 4023 749 4071 Phiiol.
774 4023 838 4070 18'l8
860 4036 886 4083 p.
910 4021 1012 4080 abite,
1034 4022 1068 4067 it.
1094 4021 1194 4067 Sohsnx
1216 4022 1324 4068 Hermes
1352 4023 1414 4069 1881

147 4114 170 4161 p.
189 4102 310 4161 scs-tia,
335 4100 367 4147 Η.
384 4100 456 4148 Diels
473 4101 713 4150 Stichomstrisches
732 4104 820 4150 Herm.
839 4102 903 4149 1888
921 4113 947 4160 p.
965 4100 1085 4160 arr-ast,
1104 4100 1151 4146 rh.
1170 4101 1225 4146 Birt
1243 4102 1269 4146 in
1287 4101 1353 4147 libro
1370 4101 1416 4148 das

147 4180 232 4227 mmo
249 4178 408 4227 Bnohwssen
426 4181 490 4228 1888
508 4182 611 4241 passIm.

178 4254 273 4321 ‘lvii
290 4271 412 4306 versuum
438 4272 503 4319 quos
525 4261 610 4307 Biblia
641 4262 754 4308 eontinet
769 4259 926 4319 computatio
949 4260 1059 4318 vetusta,
1077 4271 1154 4316 quam
1175 4257 1256 4304 edidit
1273 4258 1416 4305 liommsen

146 4339 233 4386 Herm.
255 4339 320 4386 1888
338 4352 364 4399 p.
383 4338 439 4386 146.

177 4414 200 4482 ⁸)
217 4418 394 4465 Centesimum
411 4431 540 4478 quemque
558 4433 661 4466 versum
678 4421 752 4480 signo
769 4418 895 4465 numerali
913 4418 964 4463 iam
978 4419 1040 4463 tuno
1054 4415 1176 4474 temporis
1194 4414 1274 4461 inissa
1291 4418 1416 4472 notatum,

145 4497 363 4557 quemadmodum
388 4500 479 4557 postea
506 4499 601 4546 iactum
628 4503 668 4546 est
689 4501 715 4546 in
738 4499 842 4547 Homeri
860 4497 965 4557 papyris
981 4496 1063 4542 Musei
1080 4495 1193 4540 Brittan.
1212 4495 1288 4540 CXIV
1307 4491 1415 4555 (Benka-

144 4573 237 4640 siano),
256 4577 379 4638 cxxvu,
397 4577 533 4636 CXXVIII,
551 4579 682 4641 cxxm,
701 4581 742 4627 rix
760 4579 920 4627 crediderim.
