3120 5124
142 402 154 471 i
171 400 212 473 38]

140 590 230 650 roboot
249 579 355 665 (οὖλος,
376 588 497 667 κιχάνω,
527 587 607 666 τίνω,
629 588 768 669 aicardo),
798 589 884 660 fidon
910 586 954 666 1)).
988 590 1024 649 Ιῐ]
1053 590 1138 650 thesi
1161 592 1291 652 tantum
1315 597 1374 655 col·

139 690 247 750 locatam
269 690 365 751 babet
389 692 524 752 verbum
547 683 659 766 φθᾶνα
685 693 703 749 Ι
725 693 788 752 506
815 692 844 749 Φ
867 693 930 752 262
961 692 1088 761 (Zenod.
1114 691 1260 767 φθᾶοέα).

168 894 326 955 Nonnullae
359 911 455 956 voces
484 897 518 955 in
551 896 616 955 arsi
649 896 809 970 syllabam
841 895 1000 955 initialem
1032 897 1221 970 productam
1244 899 1373 976 babent,

140 995 211 1056 orel
230 1016 275 1072 oo,
297 996 330 1055 in
353 997 440 1057 thesi
465 1012 539 1058 vero
561 997 703 1073 brevem,
727 1018 740 1055 ε
764 996 816 1056 vel
838 1017 864 1056 o.
889 997 1063 1058 simillima
1084 999 1200 1059 harum
1220 1004 1271 1061 est
1290 1003 1374 1063 ratio

140 1098 208 1169 atoue
227 1098 453 1158 vocabulorum
485 1099 524 1158 de
556 1100 672 1172 quibus
695 1100 728 1159 in
751 1099 769 1167 5
795 1099 834 1159 18
859 1114 967 1159 sermo
990 1099 1068 1173 fuit;
1093 1100 1132 1160 cf.
1157 1102 1257 1162 etiam
1280 1104 1298 1172 5
1323 1105 1373 1163 25.

140 1197 290 1259 ‘transitum
326 1202 438 1260 autern
470 1201 706 1273 quodammodo
737 1201 853 1274 parant
883 1200 1016 1260 nomina
1042 1197 1132 1279 Ἄρης
1165 1196 1206 1273 (ὅ)
1229 1204 1247 1272 5
1273 1206 1312 1264 73
1345 1209 1378 1265 et

141 1292 193 1378 ἀνὴρ
208 1334 244 1342 -
263 1293 339 1380 ἀνήρ
363 1302 380 1370 5
407 1303 457 1361 79.
483 1301 570 1377 Quae
594 1302 745 1362 volumus
770 1302 926 1362 vocabula
949 1303 1028 1362 hoec
1052 1304 1145 1363 sunt:

203 1401 357 1479 εἰλήλουθα
376 1437 417 1446 -
440 1402 590 1481 ἕλήλουθα
617 1406 642 1462 Ο
666 1405 719 1464 81.
745 1403 790 1464 Of.
815 1405 832 1472 ἓ
860 1405 931 1464 160.

203 1503 321 1581 μείλινος
340 1538 385 1546 -
404 1502 520 1582 μέλενος
543 1528 560 1585 ρ
585 1507 661 1582 339,
686 1505 780 1583 μελίη,
803 1503 968 1583 ἐυμμελίης.

203 1604 317 1667 κουλεόν
335 1640 380 1648 -
399 1606 511 1668 κολεόν.

206 1704 359 1786 Οὔλυμπος
379 1743 415 1751 -
435 1705 595 1787 Ὄλυμπος.

204 1808 306 1882 sionim
326 1843 370 1852 —
389 1808 491 1883 ἔνατος
513 1813 531 1882 5
556 1814 608 1888 91,
633 1816 666 1872 et
691 1812 730 1873 ci.
756 1828 854 1887 supra
877 1826 948 1886 pag.
976 1813 1048 1872 123.

205 1909 291 1972 εἵνεκα
310 1947 354 1955 -
375 1908 468 1972 ἕνεκα.

203 2012 289 2086 κοινός
309 2047 352 2057 -
371 2012 481 2092 αενεός,
502 2013 611 2074 oscado
634 2015 652 2084 5
677 2016 728 2075 63.
756 2013 931 2090 Corruptus
954 2017 1005 2074 est
1029 2030 1143 2074 versus
1166 2038 1181 2093 χ
1207 2019 1281 2078 249.

205 2114 343 2194 στελνομαι
363 2149 404 2159 -
425 2112 526 2193 στένω,
549 2120 660 2186 στεῖνος
682 2150 720 2157 ---
745 2112 895 2191 στένοςλλ)
920 2138 937 2193 χ
961 2117 1036 2176 460.

205 2213 309 2293 οὔνομα
327 2251 371 2259 -
389 2213 491 2292 ὄνομα.
514 2217 649 2277 Nonnisi
673 2219 702 2274 Γ
722 2218 785 2276 235
810 2219 835 2275 Ρ
855 2219 919 2277 260
943 2219 960 2289 ζ
984 2219 1046 2277 194
1070 2239 1081 2275 ι
1102 2218 1165 2278 355
1186 2219 1218 2277 in
1239 2221 1305 2278 arsi
1325 2223 1379 2280 est

243 2318 367 2391 syllaba
390 2318 535 2379 initialis.

207 2409 286 2498 οὖρος
305 2453 350 2462 -
371 2417 449 2499 ὄρος.

174 2515 226 2581 tlon
254 2522 400 2583 omnium
431 2522 548 2581 harum
581 2537 697 2582 vocum
728 2521 883 2596 explicari
913 2523 1021 2595 potest
1053 2522 1235 2597 producti0;
1265 2523 1379 2596 εἴνατος

146 2613 199 2678 olim
220 2620 339 2695 ἴοὶατος
371 2623 442 2699 ruit,
467 2622 563 2694 κοινός
590 2627 641 2683 est
664 2624 814 2684 adiectivi
836 2622 958 2693 κεοελός
981 2623 1086 2683 forma
1109 2624 1235 2684 brevior
1259 2624 1376 2701 κενλός,

145 2717 257 2799 οολνομαι
278 2728 313 2785 et
335 2729 447 2795 στεῖνος
471 2725 548 2785 olim
573 2721 725 2802 orioyopoo
749 2727 782 2785 et
805 2721 919 2801 ooc'oyop
942 2726 1044 2800 erant,
1074 2726 1255 2786 coniunctio
1280 2726 1377 2787 εἵνεκα

144 2818 259 2888 linitus
281 2827 421 2887 fortasse
443 2826 505 2886 fuit
528 2822 659 2885 io-faeoo.
683 2827 746 2887 Sed
771 2824 933 2902 εἰλήλουθα
957 2825 1086 2903 μείλιυος
1109 2826 1232 2887 κουλεόν
1258 2824 1376 2906 Οὔλυμ-

144 2937 182 2990 llc
203 2923 309 3005 οὔνομα
338 2918 429 3007 οὖρος
461 2944 517 2989 cur
548 2928 581 2988 iu
613 2929 679 2988 arsi
706 2928 867 3002 syllabam
891 2928 1052 2988 initialem
1076 2929 1253 3002 producant
1278 2932 1376 2992 nesci·

144 3033 203 3084 mus.
227 3028 295 3089 Non
324 3031 437 3090 tamen
466 3030 678 3090 verisimilem
711 3031 861 3090 ducimus
892 3031 1075 3105 opinionem
1108 3046 1229 3107 eorum,
1258 3034 1313 3105 qui
1336 3033 1376 3093 ad

143 3120 184 3184 ios
205 3131 341 3203 syllabas
371 3131 590 3205 producendas
612 3131 715 3205 ipsius
738 3131 877 3205 liquidae
902 3133 969 3190 vim
994 3132 1168 3193 adiuvante
1190 3135 1257 3193 ictu
1282 3136 1375 3194 suffe·

143 3225 202 3290 iisse
230 3235 435 3308 existimaut3
471 3234 502 3294 id
536 3234 620 3307 quod
655 3235 747 3295 docte
778 3238 811 3294 et
842 3250 973 3294 summa
1005 3251 1083 3295 cura
1106 3235 1252 3295 evincere
1276 3251 1378 3309 nuper

142 3329 236 3394 duint
264 3336 400 3407 Schulze
432 3335 561 3411 Quaest.
594 3336 680 3411 Epic.
711 3354 741 3411 p.
767 3338 830 3395 202
859 3353 928 3411 sqq.
962 3337 1050 3413 Quod
1075 3339 1103 3396 si
1130 3339 1256 3397 certum
1281 3341 1378 3415 essct,

141 3416 258 3506 ἓλήεαοα
280 3433 432 3513 ”oroma
462 3429 558 3514 ὄνομα
590 3429 660 3515 ὅρα
688 3441 748 3499 αα.
781 3440 986 3521 scribendum
1016 3439 1108 3515 sorec,
1140 3440 1173 3499 et
1204 3438 1251 3498 soc
1281 3438 1379 3498 erroro

140 3530 196 3594 olim
220 3538 403 3613 P.Knigbt;
436 3540 492 3600 scd
523 3540 709 3600 huiusmodi
740 3541 957 3614 productionis
989 3542 1154 3616 metricae,
1195 3555 1277 3612 quae
1315 3555 1379 3599 non

140 3631 172 3692 iit
187 3641 368 3716 necessaria,
401 3640 522 3701 frustra
543 3641 607 3701 nisi
630 3641 774 3701 fallimur
798 3643 830 3700 in
855 3642 1054 3701 carminibus
1078 3641 1260 3701 Homericis
1285 3656 1377 3713 quae-

139 3739 227 3799 runtur
247 3740 396 3816 exempla
419 3744 508 3802 certa
531 3739 606 3818 (vid.
631 3743 648 3811 5
674 3743 738 3813 27).
770 3744 884 3815 Itaque
908 3744 968 3803 has
992 3743 1135 3816 syllabas
1159 3757 1272 3802 revera
1295 3743 1378 3801 anci·

138 3835 201 3906 litos
220 3842 295 3903 olim
325 3843 426 3904 fuisse
453 3845 521 3919 ipsc
545 3845 657 3905 textus
679 3845 873 3905 Homericus
897 3846 1009 3905 docere
1033 3845 1170 3919 videtur,
1192 3843 1269 3903 licet
1293 3844 1378 3916 igno·

139 3948 224 4002 remus
244 3960 299 4005 our
317 3946 475 4020 ancipites
494 3947 623 4007 fuerint.
648 3946 744 4006 Verbi
764 3945 926 4022 εἰλήλουθα
946 3948 1086 4022 primam
1106 3945 1265 4019 syllabam
1287 3947 1378 4017 sequi

139 4041 293 4118 muogiam
313 4047 529 4122 perfectorum
552 4047 659 4125 εἴληφα
678 4046 778 4126 εἴληχα
801 4046 922 4126 -ελλοχα,
941 4049 1057 4120 quibus
1079 4048 1227 4120 exemplo
1248 4047 1378 4107 fuerunt

137 4138 211 4203 εἴωθα
240 4149 271 4213 li.
292 4164 319 4209 e.
343 4144 497 4225 stefano)
529 4151 562 4209 ct
588 4148 690 4227 εἴρηκα
723 4146 754 4224 (i.
780 4165 807 4210 e.
831 4145 991 4226 λέλρηκα),
1024 4148 1173 4209 credibile
1206 4150 1273 4223 est;
1303 4165 1377 4209 cum

140 4254 199 4304 loco
214 4251 318 4309 autem
343 4245 504 4326 Οὔλυμαος
528 4251 706 4323 ceterisque
730 4252 945 4325 comparanda
968 4251 1045 4309 sunt
1068 4248 1225 4308 vocabula
1249 4247 1377 4328 οὐρανός

141 4388 330 4408 'x—

166 4482 184 4548 ¹)
197 4489 223 4537 ln
246 4493 308 4542 uos
334 4495 430 4554 legitur
447 4494 499 4541 roos
516 4495 587 4541 voror
611 4495 644 4541 ab
665 4495 713 4540 noe
731 4496 812 4554 stirpe
834 4495 903 4540 ouen
924 4489 1065 4541 ἐαοααα
1082 4496 1106 4539 so
1125 4495 1181 4551 ooo,
1199 4494 1244 4539 ααο
1261 4494 1303 4540 noe
1321 4508 1376 4541 ver-

140 4574 176 4608 m
190 4571 281 4627 spurius
297 4575 323 4621 et
339 4572 403 4626 alias
421 4574 454 4620 ob
472 4588 562 4621 causas
579 4577 715 4634 suspectus
733 4577 779 4621 est.
