<?xml version="1.0" encoding="UTF-8"?>
<!DOCTYPE html PUBLIC "-//W3C//DTD XHTML 1.0 Transitional//EN"
    "http://www.w3.org/TR/xhtml1/DTD/xhtml1-transitional.dtd">
<html xmlns="http://www.w3.org/1999/xhtml" xml:lang="en" lang="en">
 <head>
  <title>
</title>
<meta http-equiv="Content-Type" content="text/html;charset=utf-8" />
  <meta name='ocr-system' content='tesseract 3.04.00' />
  <meta name='ocr-capabilities' content='ocr_page ocr_carea ocr_par ocr_line ocrx_word'/>
</head>
<body>
  <div class='ocr_page' id='page_1' title='image "./enchiridiumdict00leeugoog/enchiridiumdict00leeugoog_0010.png"; bbox 0 0 3120 5124; ppageno 0'>
   <div class='ocr_carea' id='block_1_1' title="bbox 427 1126 1125 1206">
    <p class='ocr_par' dir='ltr' id='par_1_1' title="bbox 427 1126 1125 1206">
     <span class='ocr_line' id='line_1_1' title="bbox 427 1126 1125 1206; baseline 0.006 -5"><span class='ocrx_word' id='word_1_1' title='bbox 427 1126 699 1203; x_wconf 79' lang='lat' dir='ltr'><strong>PRAEFATIO</strong></span> <span class='ocrx_word' id='word_1_2' title='bbox 725 1127 898 1204; x_wconf 85' lang='lat' dir='ltr'><strong>PARTIS</strong></span> <span class='ocrx_word' id='word_1_3' title='bbox 923 1128 1125 1206; x_wconf 86' lang='lat' dir='ltr'><strong>PRIORIS.</strong></span> 
     </span>
    </p>
   </div>
   <div class='ocr_carea' id='block_1_2' title="bbox 138 1570 1417 3635">
    <p class='ocr_par' dir='ltr' id='par_1_2' title="bbox 138 1570 1417 3635">
     <span class='ocr_line' id='line_1_2' title="bbox 181 1570 1414 1642; baseline 0.004 -14"><span class='ocrx_word' id='word_1_4' title='bbox 181 1572 272 1640; x_wconf 89' lang='lat' dir='ltr'>Opus,</span> <span class='ocrx_word' id='word_1_5' title='bbox 293 1571 376 1626; x_wconf 90' lang='lat' dir='ltr'>cuius</span> <span class='ocrx_word' id='word_1_6' title='bbox 397 1570 516 1626; x_wconf 91' lang='lat' dir='ltr'>initium</span> <span class='ocrx_word' id='word_1_7' title='bbox 535 1572 566 1628; x_wconf 93' lang='lat' dir='ltr'>in</span> <span class='ocrx_word' id='word_1_8' title='bbox 586 1572 682 1629; x_wconf 87' lang='lat' dir='ltr'>lucem</span> <span class='ocrx_word' id='word_1_9' title='bbox 703 1573 818 1642; x_wconf 90' lang='lat' dir='ltr'>emitto,</span> <span class='ocrx_word' id='word_1_10' title='bbox 840 1573 866 1628; x_wconf 92' lang='lat' dir='ltr'>si</span> <span class='ocrx_word' id='word_1_11' title='bbox 886 1573 1000 1629; x_wconf 90' lang='lat' dir='ltr'>tamdiu</span> <span class='ocrx_word' id='word_1_12' title='bbox 1020 1574 1051 1628; x_wconf 88' lang='lat' dir='ltr'>in</span> <span class='ocrx_word' id='word_1_13' title='bbox 1076 1575 1192 1631; x_wconf 89' lang='lat' dir='ltr'>scriniis</span> <span class='ocrx_word' id='word_1_14' title='bbox 1210 1577 1284 1632; x_wconf 87' lang='lat' dir='ltr'>mihi</span> <span class='ocrx_word' id='word_1_15' title='bbox 1305 1575 1414 1634; x_wconf 84' lang='lat' dir='ltr'>fuisset</span> 
     </span>
     <span class='ocr_line' id='line_1_3' title="bbox 140 1676 1412 1751; baseline 0.005 -20"><span class='ocrx_word' id='word_1_16' title='bbox 140 1677 328 1732; x_wconf 88' lang='lat' dir='ltr'>retinendum</span> <span class='ocrx_word' id='word_1_17' title='bbox 354 1676 447 1731; x_wconf 90' lang='lat' dir='ltr'>donec</span> <span class='ocrx_word' id='word_1_18' title='bbox 473 1676 548 1731; x_wconf 89' lang='lat' dir='ltr'>satis</span> <span class='ocrx_word' id='word_1_19' title='bbox 575 1677 746 1732; x_wconf 87' lang='lat' dir='ltr'>absolutum</span> <span class='ocrx_word' id='word_1_20' title='bbox 767 1678 857 1745; x_wconf 87' lang='lat' dir='ltr'>atque</span> <span class='ocrx_word' id='word_1_21' title='bbox 880 1676 1043 1746; x_wconf 84' lang='lat' dir='ltr'>perfectum</span> <span class='ocrx_word' id='word_1_22' title='bbox 1065 1678 1138 1734; x_wconf 88' lang='lat' dir='ltr'>mihi</span> <span class='ocrx_word' id='word_1_23' title='bbox 1160 1680 1317 1751; x_wconf 83' lang='lat' dir='ltr'>videretur,</span> <span class='ocrx_word' id='word_1_24' title='bbox 1340 1696 1412 1738; x_wconf 89' lang='lat' dir='ltr'>nun·</span> 
     </span>
     <span class='ocr_line' id='line_1_4' title="bbox 141 1780 1414 1855; baseline 0.005 -19"><span class='ocrx_word' id='word_1_25' title='bbox 141 1796 238 1851; x_wconf 87' lang='lat' dir='ltr'>quam,</span> <span class='ocrx_word' id='word_1_26' title='bbox 271 1782 320 1835; x_wconf 86' lang='lat' dir='ltr'>sat</span> <span class='ocrx_word' id='word_1_27' title='bbox 350 1780 420 1849; x_wconf 90' lang='lat' dir='ltr'>scio,</span> <span class='ocrx_word' id='word_1_28' title='bbox 448 1780 622 1851; x_wconf 85' lang='lat' dir='ltr'>prodiisset;</span> <span class='ocrx_word' id='word_1_29' title='bbox 649 1782 755 1837; x_wconf 89' lang='lat' dir='ltr'>insunt</span> <span class='ocrx_word' id='word_1_30' title='bbox 785 1781 864 1837; x_wconf 91' lang='lat' dir='ltr'>enim</span> <span class='ocrx_word' id='word_1_31' title='bbox 893 1782 972 1837; x_wconf 86' lang='lat' dir='ltr'>haud</span> <span class='ocrx_word' id='word_1_32' title='bbox 1000 1797 1094 1850; x_wconf 89' lang='lat' dir='ltr'>pauca</span> <span class='ocrx_word' id='word_1_33' title='bbox 1122 1784 1153 1838; x_wconf 93' lang='lat' dir='ltr'>in</span> <span class='ocrx_word' id='word_1_34' title='bbox 1183 1784 1290 1852; x_wconf 90' lang='lat' dir='ltr'>quibus</span> <span class='ocrx_word' id='word_1_35' title='bbox 1319 1800 1414 1855; x_wconf 83' lang='lat' dir='ltr'>neque</span> 
     </span>
     <span class='ocr_line' id='line_1_5' title="bbox 141 1883 1415 1955; baseline 0.004 -14"><span class='ocrx_word' id='word_1_36' title='bbox 141 1887 204 1954; x_wconf 89' lang='lat' dir='ltr'>ipse</span> <span class='ocrx_word' id='word_1_37' title='bbox 231 1885 305 1940; x_wconf 90' lang='lat' dir='ltr'>mihi</span> <span class='ocrx_word' id='word_1_38' title='bbox 329 1883 479 1939; x_wconf 78' lang='lat' dir='ltr'><strong>satisfacio</strong></span> <span class='ocrx_word' id='word_1_39' title='bbox 504 1899 601 1952; x_wconf 84' lang='lat' dir='ltr'>neque</span> <span class='ocrx_word' id='word_1_40' title='bbox 628 1885 754 1941; x_wconf 85' lang='lat' dir='ltr'>aliorum</span> <span class='ocrx_word' id='word_1_41' title='bbox 775 1886 915 1941; x_wconf 89' lang='lat' dir='ltr'>iudicium</span> <span class='ocrx_word' id='word_1_42' title='bbox 932 1886 1113 1941; x_wconf 85' lang='lat' dir='ltr'>confidenter</span> <span class='ocrx_word' id='word_1_43' title='bbox 1135 1890 1271 1955; x_wconf 81' lang='lat' dir='ltr'>expecto.</span> <span class='ocrx_word' id='word_1_44' title='bbox 1296 1889 1352 1945; x_wconf 87' lang='lat' dir='ltr'>Vel</span> <span class='ocrx_word' id='word_1_45' title='bbox 1372 1890 1415 1946; x_wconf 90' lang='lat' dir='ltr'>sio</span> 
     </span>
     <span class='ocr_line' id='line_1_6' title="bbox 142 1988 1417 2058; baseline 0.002 -12"><span class='ocrx_word' id='word_1_46' title='bbox 142 1993 242 2046; x_wconf 86' lang='lat' dir='ltr'>temen</span> <span class='ocrx_word' id='word_1_47' title='bbox 273 1988 357 2045; x_wconf 88' lang='lat' dir='ltr'>utilia</span> <span class='ocrx_word' id='word_1_48' title='bbox 385 1989 447 2045; x_wconf 87' lang='lat' dir='ltr'>iore</span> <span class='ocrx_word' id='word_1_49' title='bbox 478 2003 564 2057; x_wconf 89' lang='lat' dir='ltr'>spero</span> <span class='ocrx_word' id='word_1_50' title='bbox 595 2004 670 2058; x_wconf 88' lang='lat' dir='ltr'>quse</span> <span class='ocrx_word' id='word_1_51' title='bbox 697 2005 749 2058; x_wconf 90' lang='lat' dir='ltr'>per</span> <span class='ocrx_word' id='word_1_52' title='bbox 776 2005 872 2046; x_wconf 89' lang='lat' dir='ltr'>annos</span> <span class='ocrx_word' id='word_1_53' title='bbox 900 1991 1012 2047; x_wconf 84' lang='lat' dir='ltr'>multos</span> <span class='ocrx_word' id='word_1_54' title='bbox 1041 1991 1115 2046; x_wconf 89' lang='lat' dir='ltr'>mihi</span> <span class='ocrx_word' id='word_1_55' title='bbox 1144 1991 1265 2048; x_wconf 86' lang='lat' dir='ltr'>collecta</span> <span class='ocrx_word' id='word_1_56' title='bbox 1293 1996 1417 2050; x_wconf 88' lang='lat' dir='ltr'>suntet</span> 
     </span>
     <span class='ocr_line' id='line_1_7' title="bbox 142 2093 1416 2164; baseline 0.002 -14"><span class='ocrx_word' id='word_1_57' title='bbox 142 2095 299 2151; x_wconf 72' lang='lat' dir='ltr'>elaborata,</span> <span class='ocrx_word' id='word_1_58' title='bbox 330 2094 455 2150; x_wconf 79' lang='lat' dir='ltr'>Ferebst</span> <span class='ocrx_word' id='word_1_59' title='bbox 484 2095 585 2149; x_wconf 87' lang='lat' dir='ltr'>autem</span> <span class='ocrx_word' id='word_1_60' title='bbox 612 2094 688 2149; x_wconf 86' lang='lat' dir='ltr'>ratio</span> <span class='ocrx_word' id='word_1_61' title='bbox 716 2095 751 2148; x_wconf 88' lang='lat' dir='ltr'>ut</span> <span class='ocrx_word' id='word_1_62' title='bbox 778 2109 821 2164; x_wconf 86' lang='lat' dir='ltr'>ea,</span> <span class='ocrx_word' id='word_1_63' title='bbox 851 2093 958 2162; x_wconf 90' lang='lat' dir='ltr'>quibus</span> <span class='ocrx_word' id='word_1_64' title='bbox 988 2093 1079 2150; x_wconf 88' lang='lat' dir='ltr'>veluti</span> <span class='ocrx_word' id='word_1_65' title='bbox 1111 2094 1305 2152; x_wconf 84' lang='lat' dir='ltr'>fundamento</span> <span class='ocrx_word' id='word_1_66' title='bbox 1326 2097 1416 2153; x_wconf 89' lang='lat' dir='ltr'>innisi</span> 
     </span>
     <span class='ocr_line' id='line_1_8' title="bbox 144 2199 1416 2269; baseline 0.002 -13"><span class='ocrx_word' id='word_1_67' title='bbox 144 2215 249 2256; x_wconf 89' lang='lat' dir='ltr'>smnus</span> <span class='ocrx_word' id='word_1_68' title='bbox 278 2201 349 2255; x_wconf 89' lang='lat' dir='ltr'>dum</span> <span class='ocrx_word' id='word_1_69' title='bbox 377 2200 509 2255; x_wconf 86' lang='lat' dir='ltr'>carmina</span> <span class='ocrx_word' id='word_1_70' title='bbox 532 2199 690 2254; x_wconf 87' lang='lat' dir='ltr'>Homerica</span> <span class='ocrx_word' id='word_1_71' title='bbox 711 2200 951 2269; x_wconf 88' lang='lat' dir='ltr'>recensebamus,</span> <span class='ocrx_word' id='word_1_72' title='bbox 973 2213 1062 2268; x_wconf 90' lang='lat' dir='ltr'>nunc,</span> <span class='ocrx_word' id='word_1_73' title='bbox 1086 2202 1247 2269; x_wconf 72' lang='lat' dir='ltr'>postquam</span> <span class='ocrx_word' id='word_1_74' title='bbox 1268 2202 1416 2258; x_wconf 84' lang='lat' dir='ltr'>adfinem</span> 
     </span>
     <span class='ocr_line' id='line_1_9' title="bbox 144 2303 1416 2375; baseline 0.002 -14"><span class='ocrx_word' id='word_1_75' title='bbox 144 2307 283 2375; x_wconf 87' lang='lat' dir='ltr'>perducta</span> <span class='ocrx_word' id='word_1_76' title='bbox 313 2307 362 2360; x_wconf 91' lang='lat' dir='ltr'>est</span> <span class='ocrx_word' id='word_1_77' title='bbox 393 2305 537 2374; x_wconf 81' lang='lat' dir='ltr'>Odyssea,</span> <span class='ocrx_word' id='word_1_78' title='bbox 569 2306 705 2359; x_wconf 84' lang='lat' dir='ltr'>accurate</span> <span class='ocrx_word' id='word_1_79' title='bbox 736 2305 768 2360; x_wconf 90' lang='lat' dir='ltr'>et</span> <span class='ocrx_word' id='word_1_80' title='bbox 797 2303 863 2359; x_wconf 82' lang='lat' dir='ltr'>fuse</span> <span class='ocrx_word' id='word_1_81' title='bbox 891 2308 1119 2372; x_wconf 78' lang='lat' dir='ltr'>exponerentur.</span> <span class='ocrx_word' id='word_1_82' title='bbox 1151 2306 1207 2362; x_wconf 85' lang='lat' dir='ltr'>Sed</span> <span class='ocrx_word' id='word_1_83' title='bbox 1234 2321 1323 2375; x_wconf 90' lang='lat' dir='ltr'>quem</span> <span class='ocrx_word' id='word_1_84' title='bbox 1351 2322 1416 2362; x_wconf 90' lang='lat' dir='ltr'>con·</span> 
     </span>
     <span class='ocr_line' id='line_1_10' title="bbox 143 2407 1417 2479; baseline 0.003 -15"><span class='ocrx_word' id='word_1_85' title='bbox 143 2412 263 2466; x_wconf 86' lang='lat' dir='ltr'>iunctim</span> <span class='ocrx_word' id='word_1_86' title='bbox 293 2409 364 2464; x_wconf 93' lang='lat' dir='ltr'>olim</span> <span class='ocrx_word' id='word_1_87' title='bbox 392 2408 582 2476; x_wconf 81' lang='lat' dir='ltr'>suscepimus</span> <span class='ocrx_word' id='word_1_88' title='bbox 613 2407 753 2479; x_wconf 86' lang='lat' dir='ltr'>laborem,</span> <span class='ocrx_word' id='word_1_89' title='bbox 782 2410 808 2463; x_wconf 91' lang='lat' dir='ltr'>is</span> <span class='ocrx_word' id='word_1_90' title='bbox 831 2410 929 2477; x_wconf 78' lang='lat' dir='ltr'>magis</span> <span class='ocrx_word' id='word_1_91' title='bbox 950 2410 1105 2478; x_wconf 78' lang='lat' dir='ltr'>magisque</span> <span class='ocrx_word' id='word_1_92' title='bbox 1126 2411 1157 2465; x_wconf 92' lang='lat' dir='ltr'>in</span> <span class='ocrx_word' id='word_1_93' title='bbox 1177 2425 1263 2467; x_wconf 92' lang='lat' dir='ltr'>meos</span> <span class='ocrx_word' id='word_1_94' title='bbox 1283 2413 1417 2468; x_wconf 77' lang='lat' dir='ltr'>incubuit</span> 
     </span>
     <span class='ocr_line' id='line_1_11' title="bbox 146 2512 1416 2583; baseline 0.001 -12"><span class='ocrx_word' id='word_1_95' title='bbox 146 2516 282 2571; x_wconf 89' lang='lat' dir='ltr'>humeros</span> <span class='ocrx_word' id='word_1_96' title='bbox 313 2515 345 2570; x_wconf 86' lang='lat' dir='ltr'>et</span> <span class='ocrx_word' id='word_1_97' title='bbox 372 2514 493 2569; x_wconf 85' lang='lat' dir='ltr'>tandem</span> <span class='ocrx_word' id='word_1_98' title='bbox 522 2512 577 2567; x_wconf 84' lang='lat' dir='ltr'>soli</span> <span class='ocrx_word' id='word_1_99' title='bbox 598 2512 672 2567; x_wconf 86' lang='lat' dir='ltr'>mihi</span> <span class='ocrx_word' id='word_1_100' title='bbox 700 2513 899 2569; x_wconf 82' lang='lat' dir='ltr'>exantlandus</span> <span class='ocrx_word' id='word_1_101' title='bbox 928 2514 1000 2583; x_wconf 87' lang='lat' dir='ltr'>iuit;</span> <span class='ocrx_word' id='word_1_102' title='bbox 1028 2515 1058 2569; x_wconf 94' lang='lat' dir='ltr'>in</span> <span class='ocrx_word' id='word_1_103' title='bbox 1078 2514 1134 2569; x_wconf 91' lang='lat' dir='ltr'>hoe</span> <span class='ocrx_word' id='word_1_104' title='bbox 1155 2515 1235 2570; x_wconf 90' lang='lat' dir='ltr'>enim</span> <span class='ocrx_word' id='word_1_105' title='bbox 1256 2515 1329 2571; x_wconf 89' lang='lat' dir='ltr'>libro</span> <span class='ocrx_word' id='word_1_106' title='bbox 1351 2531 1416 2572; x_wconf 90' lang='lat' dir='ltr'>oon·</span> 
     </span>
     <span class='ocr_line' id='line_1_12' title="bbox 149 2618 1417 2688; baseline 0.002 -14"><span class='ocrx_word' id='word_1_107' title='bbox 149 2620 286 2675; x_wconf 86' lang='lat' dir='ltr'>cinnando</span> <span class='ocrx_word' id='word_1_108' title='bbox 317 2618 439 2673; x_wconf 90' lang='lat' dir='ltr'>omnino</span> <span class='ocrx_word' id='word_1_109' title='bbox 467 2632 517 2673; x_wconf 91' lang='lat' dir='ltr'>me</span> <span class='ocrx_word' id='word_1_110' title='bbox 547 2618 652 2674; x_wconf 87' lang='lat' dir='ltr'>deiecit</span> <span class='ocrx_word' id='word_1_111' title='bbox 679 2633 768 2686; x_wconf 91' lang='lat' dir='ltr'>opera</span> <span class='ocrx_word' id='word_1_112' title='bbox 793 2618 843 2674; x_wconf 83' lang='lat' dir='ltr'>fidi</span> <span class='ocrx_word' id='word_1_113' title='bbox 872 2619 981 2675; x_wconf 87' lang='lat' dir='ltr'>sodalis</span> <span class='ocrx_word' id='word_1_114' title='bbox 1001 2620 1059 2675; x_wconf 92' lang='lat' dir='ltr'>mei</span> <span class='ocrx_word' id='word_1_115' title='bbox 1079 2622 1169 2688; x_wconf 82' lang='lat' dir='ltr'>atque</span> <span class='ocrx_word' id='word_1_116' title='bbox 1190 2621 1277 2677; x_wconf 87' lang='lat' dir='ltr'>amici</span> <span class='ocrx_word' id='word_1_117' title='bbox 1296 2622 1417 2679; x_wconf 86' lang='lat' dir='ltr'>Mendes</span> 
     </span>
     <span class='ocr_line' id='line_1_13' title="bbox 145 2715 1416 2795; baseline 0.001 -14"><span class='ocrx_word' id='word_1_118' title='bbox 145 2727 179 2781; x_wconf 89' lang='lat' dir='ltr'>da</span> <span class='ocrx_word' id='word_1_119' title='bbox 198 2726 295 2795; x_wconf 79' lang='lat' dir='ltr'>Costa,</span> <span class='ocrx_word' id='word_1_120' title='bbox 324 2724 374 2792; x_wconf 85' lang='lat' dir='ltr'>qui</span> <span class='ocrx_word' id='word_1_121' title='bbox 402 2715 480 2779; x_wconf 75' lang='lat' dir='ltr'>nitas</span> <span class='ocrx_word' id='word_1_122' title='bbox 502 2725 655 2780; x_wconf 87' lang='lat' dir='ltr'>aerumnis</span> <span class='ocrx_word' id='word_1_123' title='bbox 677 2739 839 2793; x_wconf 90' lang='lat' dir='ltr'>oppressus</span> <span class='ocrx_word' id='word_1_124' title='bbox 863 2725 1011 2792; x_wconf 88' lang='lat' dir='ltr'>variisque</span> <span class='ocrx_word' id='word_1_125' title='bbox 1033 2718 1160 2792; x_wconf 77' lang='lat' dir='ltr'>negotiis</span> <span class='ocrx_word' id='word_1_126' title='bbox 1182 2726 1335 2781; x_wconf 90' lang='lat' dir='ltr'>districtus</span> <span class='ocrx_word' id='word_1_127' title='bbox 1358 2728 1416 2782; x_wconf 85' lang='lat' dir='ltr'>offl-</span> 
     </span>
     <span class='ocr_line' id='line_1_14' title="bbox 142 2829 1413 2900; baseline 0.002 -15"><span class='ocrx_word' id='word_1_128' title='bbox 142 2831 228 2900; x_wconf 89' lang='lat' dir='ltr'>cium,</span> <span class='ocrx_word' id='word_1_129' title='bbox 249 2830 327 2897; x_wconf 85' lang='lat' dir='ltr'>quod</span> <span class='ocrx_word' id='word_1_130' title='bbox 347 2829 378 2883; x_wconf 92' lang='lat' dir='ltr'>in</span> <span class='ocrx_word' id='word_1_131' title='bbox 399 2842 432 2883; x_wconf 89' lang='lat' dir='ltr'>se</span> <span class='ocrx_word' id='word_1_132' title='bbox 453 2831 613 2899; x_wconf 81' lang='lat' dir='ltr'>receperat,</span> <span class='ocrx_word' id='word_1_133' title='bbox 635 2830 798 2886; x_wconf 83' lang='lat' dir='ltr'>detrectare</span> <span class='ocrx_word' id='word_1_134' title='bbox 816 2829 916 2885; x_wconf 85' lang='lat' dir='ltr'>debuit</span> <span class='ocrx_word' id='word_1_135' title='bbox 933 2830 1126 2897; x_wconf 83' lang='lat' dir='ltr'>quantumvis</span> <span class='ocrx_word' id='word_1_136' title='bbox 1143 2831 1266 2886; x_wconf 77' lang='lat' dir='ltr'>invitus,</span> <span class='ocrx_word' id='word_1_137' title='bbox 1284 2832 1318 2887; x_wconf 91' lang='lat' dir='ltr'>1d</span> <span class='ocrx_word' id='word_1_138' title='bbox 1335 2834 1413 2900; x_wconf 87' lang='lat' dir='ltr'>quod</span> 
     </span>
     <span class='ocr_line' id='line_1_15' title="bbox 142 2934 1415 3003; baseline 0.002 -14"><span class='ocrx_word' id='word_1_139' title='bbox 142 2950 200 2991; x_wconf 91' lang='lat' dir='ltr'>non</span> <span class='ocrx_word' id='word_1_140' title='bbox 220 2949 320 2990; x_wconf 89' lang='lat' dir='ltr'>meam</span> <span class='ocrx_word' id='word_1_141' title='bbox 340 2934 460 2988; x_wconf 89' lang='lat' dir='ltr'>tantum</span> <span class='ocrx_word' id='word_1_142' title='bbox 482 2934 578 2990; x_wconf 90' lang='lat' dir='ltr'>vicem</span> <span class='ocrx_word' id='word_1_143' title='bbox 599 2936 652 2991; x_wconf 90' lang='lat' dir='ltr'>sed</span> <span class='ocrx_word' id='word_1_144' title='bbox 672 2935 769 3003; x_wconf 77' lang='lat' dir='ltr'>magis</span> <span class='ocrx_word' id='word_1_145' title='bbox 791 2935 881 2990; x_wconf 86' lang='lat' dir='ltr'>etiam</span> <span class='ocrx_word' id='word_1_146' title='bbox 907 2934 1051 2990; x_wconf 89' lang='lat' dir='ltr'>lectorum</span> <span class='ocrx_word' id='word_1_147' title='bbox 1073 2936 1202 3003; x_wconf 80' lang='lat' dir='ltr'>graviter</span> <span class='ocrx_word' id='word_1_148' title='bbox 1223 2936 1316 2993; x_wconf 92' lang='lat' dir='ltr'>doleo.</span> <span class='ocrx_word' id='word_1_149' title='bbox 1337 2938 1415 2992; x_wconf 90' lang='lat' dir='ltr'>Hinc</span> 
     </span>
     <span class='ocr_line' id='line_1_16' title="bbox 140 3038 1414 3111; baseline 0.003 -16"><span class='ocrx_word' id='word_1_150' title='bbox 140 3043 241 3095; x_wconf 90' lang='lat' dir='ltr'>autem</span> <span class='ocrx_word' id='word_1_151' title='bbox 278 3038 390 3093; x_wconf 86' lang='lat' dir='ltr'>factum</span> <span class='ocrx_word' id='word_1_152' title='bbox 426 3040 474 3093; x_wconf 90' lang='lat' dir='ltr'>est</span> <span class='ocrx_word' id='word_1_153' title='bbox 513 3039 547 3093; x_wconf 87' lang='lat' dir='ltr'>ut</span> <span class='ocrx_word' id='word_1_154' title='bbox 585 3039 756 3094; x_wconf 89' lang='lat' dir='ltr'>dimidiatus</span> <span class='ocrx_word' id='word_1_155' title='bbox 785 3039 846 3094; x_wconf 86' lang='lat' dir='ltr'>iam</span> <span class='ocrx_word' id='word_1_156' title='bbox 876 3040 999 3107; x_wconf 90' lang='lat' dir='ltr'>prodeat</span> <span class='ocrx_word' id='word_1_157' title='bbox 1029 3039 1109 3111; x_wconf 84' lang='lat' dir='ltr'>liber,</span> <span class='ocrx_word' id='word_1_158' title='bbox 1141 3056 1229 3109; x_wconf 89' lang='lat' dir='ltr'>quem</span> <span class='ocrx_word' id='word_1_159' title='bbox 1263 3043 1414 3111; x_wconf 81' lang='lat' dir='ltr'>integrum</span> 
     </span>
     <span class='ocr_line' id='line_1_17' title="bbox 141 3144 1416 3217; baseline 0.005 -18"><span class='ocrx_word' id='word_1_160' title='bbox 141 3146 242 3212; x_wconf 88' lang='lat' dir='ltr'>potius</span> <span class='ocrx_word' id='word_1_161' title='bbox 273 3144 462 3213; x_wconf 80' lang='lat' dir='ltr'>evulgassem</span> <span class='ocrx_word' id='word_1_162' title='bbox 496 3145 522 3199; x_wconf 91' lang='lat' dir='ltr'>si</span> <span class='ocrx_word' id='word_1_163' title='bbox 550 3159 620 3213; x_wconf 91' lang='lat' dir='ltr'>spes</span> <span class='ocrx_word' id='word_1_164' title='bbox 648 3145 757 3202; x_wconf 86' lang='lat' dir='ltr'>fuisset</span> <span class='ocrx_word' id='word_1_165' title='bbox 791 3147 825 3200; x_wconf 90' lang='lat' dir='ltr'>ut</span> <span class='ocrx_word' id='word_1_166' title='bbox 856 3145 935 3201; x_wconf 89' lang='lat' dir='ltr'>intra</span> <span class='ocrx_word' id='word_1_167' title='bbox 955 3145 1098 3213; x_wconf 79' lang='lat' dir='ltr'>exiguum</span> <span class='ocrx_word' id='word_1_168' title='bbox 1119 3147 1263 3215; x_wconf 87' lang='lat' dir='ltr'>temporis</span> <span class='ocrx_word' id='word_1_169' title='bbox 1284 3150 1416 3217; x_wconf 83' lang='lat' dir='ltr'>spatium</span> 
     </span>
     <span class='ocr_line' id='line_1_18' title="bbox 141 3249 1415 3323; baseline 0.005 -18"><span class='ocrx_word' id='word_1_170' title='bbox 141 3251 247 3318; x_wconf 87' lang='lat' dir='ltr'>posset</span> <span class='ocrx_word' id='word_1_171' title='bbox 276 3251 312 3306; x_wconf 84' lang='lat' dir='ltr'>ad</span> <span class='ocrx_word' id='word_1_172' title='bbox 338 3250 454 3305; x_wconf 86' lang='lat' dir='ltr'>exitum</span> <span class='ocrx_word' id='word_1_173' title='bbox 486 3250 613 3317; x_wconf 87' lang='lat' dir='ltr'>perduoi.</span> <span class='ocrx_word' id='word_1_174' title='bbox 644 3250 738 3320; x_wconf 88' lang='lat' dir='ltr'>Nunc,</span> <span class='ocrx_word' id='word_1_175' title='bbox 760 3253 794 3305; x_wconf 86' lang='lat' dir='ltr'>ut</span> <span class='ocrx_word' id='word_1_176' title='bbox 815 3251 961 3318; x_wconf 90' lang='lat' dir='ltr'>quantum</span> <span class='ocrx_word' id='word_1_177' title='bbox 982 3249 1050 3306; x_wconf 91' lang='lat' dir='ltr'>licet</span> <span class='ocrx_word' id='word_1_178' title='bbox 1071 3252 1148 3307; x_wconf 90' lang='lat' dir='ltr'>stem</span> <span class='ocrx_word' id='word_1_179' title='bbox 1169 3256 1317 3320; x_wconf 89' lang='lat' dir='ltr'>promisso</span> <span class='ocrx_word' id='word_1_180' title='bbox 1338 3257 1415 3323; x_wconf 86' lang='lat' dir='ltr'>quod</span> 
     </span>
     <span class='ocr_line' id='line_1_19' title="bbox 141 3353 1416 3429; baseline 0.005 -19"><span class='ocrx_word' id='word_1_181' title='bbox 141 3356 171 3410; x_wconf 89' lang='lat' dir='ltr'>in</span> <span class='ocrx_word' id='word_1_182' title='bbox 194 3355 294 3410; x_wconf 82' lang='lat' dir='ltr'>Iliadis</span> <span class='ocrx_word' id='word_1_183' title='bbox 315 3355 435 3409; x_wconf 88' lang='lat' dir='ltr'>nostrae</span> <span class='ocrx_word' id='word_1_184' title='bbox 451 3353 510 3408; x_wconf 85' lang='lat' dir='ltr'>dne</span> <span class='ocrx_word' id='word_1_185' title='bbox 531 3354 675 3424; x_wconf 87' lang='lat' dir='ltr'>dedimus,</span> <span class='ocrx_word' id='word_1_186' title='bbox 702 3355 733 3409; x_wconf 92' lang='lat' dir='ltr'>in</span> <span class='ocrx_word' id='word_1_187' title='bbox 760 3354 856 3410; x_wconf 89' lang='lat' dir='ltr'>lucem</span> <span class='ocrx_word' id='word_1_188' title='bbox 875 3355 979 3410; x_wconf 89' lang='lat' dir='ltr'>emitto</span> <span class='ocrx_word' id='word_1_189' title='bbox 999 3358 1114 3423; x_wconf 82' lang='lat' dir='ltr'>partem</span> <span class='ocrx_word' id='word_1_190' title='bbox 1134 3356 1270 3429; x_wconf 86' lang='lat' dir='ltr'>priorem,</span> <span class='ocrx_word' id='word_1_191' title='bbox 1292 3360 1416 3416; x_wconf 87' lang='lat' dir='ltr'>alteram</span> 
     </span>
     <span class='ocr_line' id='line_1_20' title="bbox 140 3458 1416 3533; baseline 0.003 -17"><span class='ocrx_word' id='word_1_192' title='bbox 140 3463 243 3517; x_wconf 89' lang='lat' dir='ltr'>autem</span> <span class='ocrx_word' id='word_1_193' title='bbox 273 3475 341 3515; x_wconf 89' lang='lat' dir='ltr'>eum</span> <span class='ocrx_word' id='word_1_194' title='bbox 373 3458 591 3527; x_wconf 81' lang='lat' dir='ltr'>prolegomenis</span> <span class='ocrx_word' id='word_1_195' title='bbox 622 3460 653 3513; x_wconf 91' lang='lat' dir='ltr'>et</span> <span class='ocrx_word' id='word_1_196' title='bbox 680 3459 825 3515; x_wconf 90' lang='lat' dir='ltr'>indicibus</span> <span class='ocrx_word' id='word_1_197' title='bbox 853 3463 888 3515; x_wconf 87' lang='lat' dir='ltr'>ut</span> <span class='ocrx_word' id='word_1_198' title='bbox 915 3461 1045 3528; x_wconf 88' lang='lat' dir='ltr'>primum</span> <span class='ocrx_word' id='word_1_199' title='bbox 1074 3463 1197 3528; x_wconf 90' lang='lat' dir='ltr'>potuero</span> <span class='ocrx_word' id='word_1_200' title='bbox 1225 3494 1251 3502; x_wconf 93' lang='lat'><em>—</em></span> <span class='ocrx_word' id='word_1_201' title='bbox 1280 3466 1416 3533; x_wconf 84' lang='lat' dir='ltr'>sequenti</span> 
     </span>
     <span class='ocr_line' id='line_1_21' title="bbox 138 3563 1416 3635; baseline 0.005 -16"><span class='ocrx_word' id='word_1_202' title='bbox 138 3565 268 3620; x_wconf 79' lang='lat' dir='ltr'>fortasse</span> <span class='ocrx_word' id='word_1_203' title='bbox 300 3578 387 3632; x_wconf 87' lang='lat' dir='ltr'>anno,</span> <span class='ocrx_word' id='word_1_204' title='bbox 418 3563 476 3618; x_wconf 89' lang='lat' dir='ltr'>nisi</span> <span class='ocrx_word' id='word_1_205' title='bbox 498 3577 568 3631; x_wconf 90' lang='lat' dir='ltr'>spes</span> <span class='ocrx_word' id='word_1_206' title='bbox 595 3578 644 3619; x_wconf 89' lang='lat' dir='ltr'>me</span> <span class='ocrx_word' id='word_1_207' title='bbox 670 3563 867 3635; x_wconf 84' lang='lat' dir='ltr'>frustraverit,</span> <span class='ocrx_word' id='word_1_208' title='bbox 902 3596 928 3604; x_wconf 92' lang='lat'><em>-</em></span> <span class='ocrx_word' id='word_1_209' title='bbox 956 3565 1035 3634; x_wconf 88' lang='lat' dir='ltr'>prelo</span> <span class='ocrx_word' id='word_1_210' title='bbox 1063 3568 1258 3624; x_wconf 84' lang='lat' dir='ltr'>committam.</span> <span class='ocrx_word' id='word_1_211' title='bbox 1292 3571 1416 3626; x_wconf 78' lang='lat' dir='ltr'>Amicus</span> 
     </span>
    </p>
   </div>
   <div class='ocr_carea' id='block_1_3' title="bbox 140 3672 1416 3866">
    <p class='ocr_par' dir='ltr' id='par_1_3' title="bbox 140 3672 1416 3866">
     <span class='ocr_line' id='line_1_22' title="bbox 140 3672 1416 3752; baseline 0.002 -20"><span class='ocrx_word' id='word_1_212' title='bbox 140 3679 241 3732; x_wconf 89' lang='lat' dir='ltr'>autem</span> <span class='ocrx_word' id='word_1_213' title='bbox 271 3677 297 3732; x_wconf 87' lang='lat' dir='ltr'>si</span> <span class='ocrx_word' id='word_1_214' title='bbox 326 3675 460 3730; x_wconf 88' lang='lat' dir='ltr'>Nestoris</span> <span class='ocrx_word' id='word_1_215' title='bbox 489 3676 586 3732; x_wconf 88' lang='lat' dir='ltr'>verbis</span> <span class='ocrx_word' id='word_1_216' title='bbox 617 3690 719 3731; x_wconf 88' lang='lat' dir='ltr'>meum</span> <span class='ocrx_word' id='word_1_217' title='bbox 747 3676 854 3732; x_wconf 91' lang='lat' dir='ltr'>librum</span> <span class='ocrx_word' id='word_1_218' title='bbox 883 3677 1029 3733; x_wconf 85' lang='lat' dir='ltr'>allocutus</span> <span class='ocrx_word' id='word_1_219' title='bbox 1057 3678 1161 3735; x_wconf 85' lang='lat' dir='ltr'>inerit:</span> <span class='ocrx_word' id='word_1_220' title='bbox 1190 3673 1243 3733; x_wconf 80' lang='grc' dir='ltr'>καί</span> <span class='ocrx_word' id='word_1_221' title='bbox 1272 3695 1323 3735; x_wconf 79' lang='grc' dir='ltr'>κεν</span> <span class='ocrx_word' id='word_1_222' title='bbox 1347 3672 1416 3752; x_wconf 77' lang='grc' dir='ltr'>ἐμὸς</span> 
     </span>
     <span class='ocr_line' id='line_1_23' title="bbox 141 3788 1177 3866; baseline 0.003 -19"><span class='ocrx_word' id='word_1_223' title='bbox 141 3789 212 3860; x_wconf 77' lang='grc' dir='ltr'>πάις</span> <span class='ocrx_word' id='word_1_224' title='bbox 236 3788 309 3866; x_wconf 75' lang='grc' dir='ltr'><em>εἴης,</em></span> <span class='ocrx_word' id='word_1_225' title='bbox 329 3806 389 3846; x_wconf 93' lang='lat' dir='ltr'>non</span> <span class='ocrx_word' id='word_1_226' title='bbox 411 3792 500 3847; x_wconf 89' lang='lat' dir='ltr'>nimis</span> <span class='ocrx_word' id='word_1_227' title='bbox 523 3793 612 3862; x_wconf 81' lang='lat' dir='ltr'>longe</span> <span class='ocrx_word' id='word_1_228' title='bbox 633 3807 651 3848; x_wconf 90' lang='lat' dir='ltr'>a</span> <span class='ocrx_word' id='word_1_229' title='bbox 671 3808 761 3862; x_wconf 93' lang='lat' dir='ltr'>scopo</span> <span class='ocrx_word' id='word_1_230' title='bbox 782 3795 936 3850; x_wconf 86' lang='lat' dir='ltr'>aberrasse</span> <span class='ocrx_word' id='word_1_231' title='bbox 956 3810 1004 3850; x_wconf 91' lang='lat' dir='ltr'>me</span> <span class='ocrx_word' id='word_1_232' title='bbox 1025 3796 1177 3851; x_wconf 86' lang='lat' dir='ltr'>confidam.</span> 
     </span>
    </p>
   </div>
   <div class='ocr_carea' id='block_1_4' title="bbox 190 3979 699 4039">
    <p class='ocr_par' dir='ltr' id='par_1_4' title="bbox 190 3979 699 4039">
     <span class='ocr_line' id='line_1_24' title="bbox 190 3979 699 4039; baseline 0.006 -14"><span class='ocrx_word' id='word_1_233' title='bbox 190 3979 219 4025; x_wconf 83' lang='lat' dir='ltr'>L.</span> <span class='ocrx_word' id='word_1_234' title='bbox 238 3979 276 4038; x_wconf 88' lang='lat' dir='ltr'>B.,</span> <span class='ocrx_word' id='word_1_235' title='bbox 294 3990 375 4025; x_wconf 87' lang='lat' dir='ltr'>mens.</span> <span class='ocrx_word' id='word_1_236' title='bbox 390 3980 533 4039; x_wconf 74' lang='lat' dir='ltr'>septembr.</span> <span class='ocrx_word' id='word_1_237' title='bbox 551 3993 699 4028; x_wconf 76' lang='lat' dir='ltr'>uncocxcn.</span> 
     </span>
    </p>
   </div>
   <div class='ocr_carea' id='block_1_5' title="bbox 142 4374 1415 4557">
    <p class='ocr_par' dir='ltr' id='par_1_5' title="bbox 142 4374 1415 4557">
     <span class='ocr_line' id='line_1_25' title="bbox 184 4374 1415 4452; baseline 0.009 -23"><span class='ocrx_word' id='word_1_238' title='bbox 184 4374 342 4444; x_wconf 85' lang='lat' dir='ltr'>Temporis</span> <span class='ocrx_word' id='word_1_239' title='bbox 362 4379 457 4445; x_wconf 90' lang='lat' dir='ltr'>spatio</span> <span class='ocrx_word' id='word_1_240' title='bbox 478 4392 537 4433; x_wconf 91' lang='lat' dir='ltr'>non</span> <span class='ocrx_word' id='word_1_241' title='bbox 559 4379 602 4435; x_wconf 87' lang='lat' dir='ltr'>ita</span> <span class='ocrx_word' id='word_1_242' title='bbox 623 4394 732 4448; x_wconf 84' lang='lat' dir='ltr'>magno</span> <span class='ocrx_word' id='word_1_243' title='bbox 754 4381 917 4450; x_wconf 88' lang='lat' dir='ltr'>interlapso</span> <span class='ocrx_word' id='word_1_244' title='bbox 939 4382 1031 4437; x_wconf 90' lang='lat' dir='ltr'>altera</span> <span class='ocrx_word' id='word_1_245' title='bbox 1051 4383 1110 4438; x_wconf 84' lang='lat' dir='ltr'>iam</span> <span class='ocrx_word' id='word_1_246' title='bbox 1129 4384 1226 4451; x_wconf 90' lang='lat' dir='ltr'>operis</span> <span class='ocrx_word' id='word_1_247' title='bbox 1243 4398 1313 4452; x_wconf 89' lang='lat' dir='ltr'>pars</span> <span class='ocrx_word' id='word_1_248' title='bbox 1334 4384 1415 4442; x_wconf 84' lang='lat' dir='ltr'>offer·</span> 
     </span>
     <span class='ocr_line' id='line_1_26' title="bbox 142 4480 1415 4557; baseline 0.009 -23"><span class='ocrx_word' id='word_1_249' title='bbox 142 4486 192 4535; x_wconf 91' lang='lat' dir='ltr'>tur</span> <span class='ocrx_word' id='word_1_250' title='bbox 224 4480 391 4551; x_wconf 72' lang='lat' dir='ltr'>philologis,</span> <span class='ocrx_word' id='word_1_251' title='bbox 422 4496 476 4537; x_wconf 86' lang='lat' dir='ltr'>neo</span> <span class='ocrx_word' id='word_1_252' title='bbox 506 4496 631 4550; x_wconf 91' lang='lat' dir='ltr'>possum</span> <span class='ocrx_word' id='word_1_253' title='bbox 664 4485 735 4552; x_wconf 86' lang='lat' dir='ltr'>quin</span> <span class='ocrx_word' id='word_1_254' title='bbox 765 4486 821 4541; x_wconf 89' lang='lat' dir='ltr'>hoc</span> <span class='ocrx_word' id='word_1_255' title='bbox 851 4486 914 4541; x_wconf 91' lang='lat' dir='ltr'>loco</span> <span class='ocrx_word' id='word_1_256' title='bbox 942 4501 980 4542; x_wconf 85' lang='lat' dir='ltr'>ex</span> <span class='ocrx_word' id='word_1_257' title='bbox 1012 4487 1103 4541; x_wconf 87' lang='lat' dir='ltr'>enimi</span> <span class='ocrx_word' id='word_1_258' title='bbox 1134 4490 1283 4544; x_wconf 87' lang='lat' dir='ltr'>sententie</span> <span class='ocrx_word' id='word_1_259' title='bbox 1314 4491 1415 4557; x_wconf 78' lang='lat' dir='ltr'>grates</span> 
     </span>
    </p>
   </div>
   <div class='ocr_carea' id='block_1_6' title="bbox 141 4585 1414 4738">
    <p class='ocr_par' dir='ltr' id='par_1_6' title="bbox 141 4585 1414 4738">
     <span class='ocr_line' id='line_1_27' title="bbox 141 4585 1414 4657; baseline 0.011 -19"><span class='ocrx_word' id='word_1_260' title='bbox 141 4599 230 4653; x_wconf 80' lang='lat' dir='ltr'>agam</span> <span class='ocrx_word' id='word_1_261' title='bbox 261 4585 333 4640; x_wconf 85' lang='lat' dir='ltr'>viris</span> <span class='ocrx_word' id='word_1_262' title='bbox 359 4587 452 4641; x_wconf 83' lang='lat' dir='ltr'>doctis</span> <span class='ocrx_word' id='word_1_263' title='bbox 476 4588 526 4655; x_wconf 83' lang='lat' dir='ltr'>qui</span> <span class='ocrx_word' id='word_1_264' title='bbox 553 4590 588 4643; x_wconf 88' lang='lat' dir='ltr'>de</span> <span class='ocrx_word' id='word_1_265' title='bbox 618 4591 701 4657; x_wconf 89' lang='lat' dir='ltr'>parte</span> <span class='ocrx_word' id='word_1_266' title='bbox 721 4591 817 4657; x_wconf 90' lang='lat' dir='ltr'>priore</span> <span class='ocrx_word' id='word_1_267' title='bbox 838 4592 979 4647; x_wconf 89' lang='lat' dir='ltr'>benevole</span> <span class='ocrx_word' id='word_1_268' title='bbox 1001 4593 1161 4648; x_wconf 86' lang='lat' dir='ltr'>admodum</span> <span class='ocrx_word' id='word_1_269' title='bbox 1181 4595 1322 4650; x_wconf 89' lang='lat' dir='ltr'>indicium</span> <span class='ocrx_word' id='word_1_270' title='bbox 1342 4597 1414 4652; x_wconf 87' lang='lat' dir='ltr'>tule-</span> 
     </span>
     <span class='ocr_line' id='line_1_28' title="bbox 1305 4695 1336 4738; baseline 0 -15"><span class='ocrx_word' id='word_1_271' title='bbox 1305 4695 1336 4738; x_wconf 74' lang='lat'>1-</span> 
     </span>
    </p>
   </div>
   <div class='ocr_carea' id='block_1_7' title="bbox 0 0 1568 5124">
    <p class='ocr_par' dir='ltr' id='par_1_7' title="bbox 0 0 1568 5124">
     <span class='ocr_line' id='line_1_29' title="bbox 0 0 1568 5124; baseline 0 0"><span class='ocrx_word' id='word_1_272' title='bbox 0 0 1568 5124; x_wconf 95' lang='lat' dir='ltr'> </span> 
     </span>
    </p>
   </div>
  </div>
 </body>
</html>
