3120 5124
155 404 172 474 ᾗ
194 404 270 477 324]
742 404 806 463 553

196 592 227 651 5.
262 588 312 649 ἵνα
342 589 398 650 ubi
428 591 453 648 Β
484 590 548 651 568
581 591 600 647 1
628 591 690 649 441
723 591 784 650 ets.
811 589 920 650 —De
952 589 1083 650 insolita
1106 589 1271 649 structura
1293 586 1342 648 ἴνα
1367 585 1423 667 γάρ

155 694 181 750 K
206 693 267 753 127
292 692 331 753 ef.
356 693 374 763 5
399 692 459 752 101
485 706 556 768 pag.
582 692 663 766 271;
687 690 780 751 nihili
802 692 853 752 est
875 690 971 751 lectio
993 683 1028 750 ἵν’
1054 686 1093 749 ἂν
1115 706 1172 766 pro
1195 689 1245 749 ἴνα
1268 691 1304 748 Η
1325 690 1399 749 368.

195 793 296 855 Multo
318 793 520 867 trequentius
541 791 776 854 coniunctionis
799 791 905 853 finalis
928 792 1074 867 partibus
1096 792 1240 866 mugitor
1263 790 1313 851 iva
1326 814 1358 835 =
1377 794 1421 865 ui,

152 895 393 956 subiunctivum
427 896 485 955 aut
517 895 699 970 optativum
731 908 847 967 regens
879 896 916 953 ut
946 894 977 953 in
1003 894 1114 968 lingua
1136 892 1330 969 posteriore;
1358 906 1422 966 qua

152 996 189 1057 de
211 1012 246 1057 re
269 996 350 1058 nihil
374 996 426 1058 hic
453 995 617 1058 observari
640 1011 720 1071 opus
744 997 804 1057 est.

194 1191 224 1249 6.
260 1183 342 1267 &pop
376 1188 481 1249 atatim
511 1189 552 1246 M
573 1188 635 1248 221
669 1189 729 1247 etc.
756 1188 795 1262 ¹);
821 1189 997 1262 comparat.
1021 1183 1183 1266 ἀφάρτεροι
1210 1187 1244 1244 Ψ
1264 1187 1327 1246 811
1353 1186 1420 1246 cete·

150 1291 246 1352 riores
269 1290 320 1361 (ci.
344 1290 363 1360 8
386 1285 463 1359 887).

194 1482 223 1542 7.
258 1472 354 1561 εῑθαρ.
388 1480 480 1541 Idem
513 1481 597 1555 quod
632 1481 825 1555 praecedens
860 1479 1049 1541 adverbium
1084 1480 1182 1556 valet,
1216 1479 1274 1539 sed
1313 1478 1417 1538 multo

147 1583 251 1644 rarius
275 1584 342 1658 est;
374 1582 493 1657 legitur
517 1584 545 1640 Ε
568 1582 631 1642 337
656 1585 686 1640 Λ
710 1582 774 1642 579
800 1582 841 1639 Μ
860 1584 924 1643 353
949 1583 983 1640 Ν
1011 1584 1074 1642 412
1105 1583 1225 1656 Ρ118,
1253 1580 1328 1656 349,
1355 1580 1416 1640 707

150 1686 179 1742 Τ
201 1684 266 1745 478
295 1687 329 1743 Ψ
349 1686 423 1745 266.

189 1786 298 1847 Tertia
327 1785 514 1847 simillimae
538 1785 800 1847 conformationis
823 1786 982 1861 particula
1004 1785 1087 1864 ἴκταρ
1114 1801 1212 1862 prope
1243 1784 1326 1859 apud
1353 1783 1414 1843 Ho-

147 1902 274 1948 merum
309 1902 373 1949 non
406 1887 544 1948 occurrit
574 1887 606 1962 ²),
642 1887 699 1948 sed
733 1886 852 1961 legitur
886 1887 962 1948 Hes.
999 1888 1160 1962 Theogon.
1199 1886 1260 1947 691
1300 1885 1417 1946 Aeson.

146 1989 262 2063 Agam.
290 1990 351 2050 116
375 1988 468 2050 Eum.
493 1989 557 2049 997
583 1987 664 2048 Plat.
689 1988 765 2064 Rep.
789 1988 836 2048 IX
861 1991 960 2049 5750.

190 2179 220 2240 8.
244 2176 339 2257 πάρος
356 2179 460 2256 prius,
484 2195 554 2253 eg.
581 2181 609 2236 Ε
633 2179 707 2255 218,
732 2178 784 2238 vel
807 2179 909 2240 etiam
932 2183 1033 2256 antea,
1058 2179 1128 2239 aliis
1151 2177 1359 2238 occasionibus
1382 2182 1415 2252 ι),

144 2297 219 2342 curn
244 2296 297 2343 res
318 2282 511 2356 praeteritae
534 2297 610 2342 cum
632 2282 794 2357 praesenti
817 2297 926 2341 rerum
949 2283 1039 2342 statu
1067 2280 1305 2355 comparantur,
1330 2295 1357 2339 e.
1383 2294 1413 2352 g.

255 2376 314 2442 ἀλλ’
340 2376 400 2463 ὅγ’
427 2377 468 2443 ἐπ’
495 2379 585 2461 ἀκτῆς
605 2376 698 2442 ’κλαῖε
721 2381 901 2461 παρήμενος,
925 2380 1002 2443 ἔνθα
1025 2382 1119 2461 πόρος
1140 2402 1203 2460 περ.
1293 2401 1306 2439 ε
1361 2381 1413 2440 82.

187 2483 278 2546 Haec
311 2485 422 2546 autem
454 2486 542 2545 notio
573 2484 628 2546 ubi
658 2484 792 2560 obtinet,
817 2484 905 2545 verbi
929 2486 1025 2546 modo
1042 2499 1192 2560 proeaees
1219 2483 1413 2559 adiungitur,

143 2587 239 2647 modo
261 2587 404 2648 uenatus.
430 2586 465 2647 Ε.
488 2601 518 2660 g.

253 2680 312 2746 ἀλλ’
339 2684 409 2768 ὄρσο
432 2686 621 2765 πτόλεμόνδε,
643 2679 706 2760 οἷος
728 2686 823 2766 πάρος
845 2684 982 2766 εὔχεαι
1005 2679 1089 2747 εἶναι.
1288 2690 1316 2745 Δ
1339 2689 1414 2749 264.

186 2790 272 2851 Item
294 2791 325 2847 Σ
346 2790 410 2851 686
435 2793 478 2861 (=
500 2809 514 2848 ι
537 2789 590 2859 88)
613 2790 674 2850 etc.

193 2973 196 2977 Α
251 2885 327 2968 ἠμὲν
351 2884 472 2968 δήποτ’
499 2886 578 2967 ἐμεῖο
601 2888 697 2968 πόρος
717 2883 845 2961 ’aiore
868 2886 1049 2966 εὐξαμένοιο.
1285 2893 1315 2948 Α
1338 2891 1413 2950 453.

184 2990 382 3053 vocularum
404 2989 437 3052 τὸ
459 2990 554 3070 πάρος
577 3012 631 3070 περ
654 2992 840 3052 iuncturam
863 2993 955 3053 amat
977 2991 1088 3065 lingua
1110 2990 1216 3066 epioa;
1241 3006 1268 3051 e.
1293 3006 1323 3064 g.

252 3100 311 3152 νῦν
334 3088 388 3171 μὲν
411 3091 524 3173 δόρπον
546 3089 648 3152 ἕλεσθε
672 3090 747 3151 κατὰ
768 3091 882 3169 πτόλιν,
904 3089 944 3164 ὡς
967 3089 999 3152 τὸ
1022 3091 1116 3170 πόρος
1139 3111 1202 3170 περ.
1282 3094 1317 3150 Η
1339 3093 1413 3153 370.

183 3195 250 3255 Nee
273 3209 346 3256 raro
368 3195 602 3256 eoniunetionis
625 3194 814 3269 temporalis
847 3210 981 3256 munere
1005 3194 1149 3267 fungitur
1172 3191 1266 3271 πάρος
1290 3193 1413 3254 adscito

138 3294 316 3357 infinitivo:
336 3296 538 3371 priusquam.
566 3297 600 3358 Ε.
625 3312 656 3370 g.

245 3391 393 3474 ’μενέαινε
412 3394 417 3476 Ι
439 3394 567 3482 ἀντιθέῳ
587 3392 710 3474 Ὀδυσῆι
733 3396 827 3476 πάρος
849 3395 912 3475 ἑὴν
934 3401 1024 3477 γαῖαν
1048 3393 1174 3457 ἱκέσθαι.
1267 3420 1287 3455 α
1310 3397 1354 3456 20
1366 3412 1414 3470 sq·

184 3497 378 3561 Simillimae
401 3499 500 3573 igitur
521 3501 599 3560 sunt
617 3501 727 3575 partes
753 3500 979 3561 adverbiorum
1002 3497 1097 3578 πάρος
1116 3500 1150 3560 et
1176 3496 1247 3577 πρίν
1266 3492 1299 3572 ³),
1332 3513 1414 3572 quae

140 3615 235 3676 saepe
260 3615 296 3661 se
320 3600 495 3677 excipiunt,
520 3617 547 3662 e.
571 3617 601 3675 g.

622 3702 747 3782 πόρος
771 3697 800 3763 δ’
827 3701 883 3764 οὐκ
906 3701 1017 3762 ἔσσεται
1040 3699 1144 3779 ἄλλως,
1212 3705 1240 3760 Ε
1264 3702 1328 3762 218
1341 3718 1410 3776 sqq.

249 3803 344 3884 πρίν
365 3797 389 3884 γ’
416 3801 464 3864 ἐπὶ
486 3813 541 3865 νῶι
562 3815 602 3889 τῷ
625 3802 713 3884 ἀνδρὶ
735 3804 792 3865 σὺν
816 3804 950 3866 ἱπποισιν
973 3803 1025 3865 καὶ
1048 3803 1151 3884 ὄχεσφι

250 3900 388 3983 ἀντιβίην
411 3902 532 3966 ἐλθόντε
555 3904 612 3966 σὺν
636 3903 728 3965 ἔντεσι
751 3910 944 3985 πειρηθῆναι.

173 4172 192 4237 ι)
209 4178 236 4223 A
254 4177 303 4223 848
320 4177 347 4223 in
364 4176 419 4242 ἄτερ
437 4177 614 4224 videturesse
631 4177 782 4224 mutandum
799 4173 845 4241 (or.
865 4178 878 4236 8
897 4173 975 4237 8187),
997 4180 1066 4225 osrte
1085 4180 1235 4238 corruptum
1254 4182 1302 4226 est.

171 4249 192 4318 1)
209 4255 349 4315 Perpetem
366 4259 452 4304 sutem
469 4258 495 4303 in
513 4256 593 4303 sohel.
611 4268 634 4316 ψ
652 4257 666 4303 8
684 4257 791 4304 verbum
808 4260 937 4305 ἰατοίτοηο
955 4252 1016 4320 (leg.
1035 4253 1094 4320 ἠκτ.)
1112 4257 1171 4305 inde
1188 4259 1322 4319 repetitur.

169 4330 189 4395 ³)
206 4335 262 4383 Uno
287 4335 344 4383 loeo
373 4338 394 4384 θ
419 4338 468 4383 254
494 4337 635 4395 genitivum
665 4336 814 4383 adiunctum
838 4336 917 4383 habet
939 4339 1014 4400 πάρος
1031 4337 1119 4396 itaque
1139 4337 1337 4398 praepositionis
1354 4339 1410 4385 viee

144 4412 183 4472 (ς
199 4417 351 4480 προπάροιθε
368 4412 382 4477 5
400 4411 471 4479 8188)
490 4416 614 4474 iungitur.

169 4491 191 4555 ⁴)
207 4495 293 4542 auam
318 4499 373 4558 πρ1τ
398 4495 463 4542 locis
488 4498 587 4542 tantum
613 4509 663 4542 non
689 4496 809 4543 omnibus
836 4493 980 4550 infinitivum
1004 4494 1139 4552 adunatim
1164 4501 1224 4557 post
1246 4496 1407 4558 negationem

138 4574 217 4622 tamen
234 4575 352 4634 seqnitur
368 4574 475 4621 verbnm
492 4572 586 4636 finitum
604 4571 796 4639 (subiunctirns
813 4576 877 4623 loeis
895 4579 918 4632 6,
938 4575 1069 4637 optativus
1086 4579 1114 4623 Φ
1132 4572 1201 4642 880).
