3120 5124
748 397 811 455 216
1325 397 1356 467 [5
1382 397 1424 455 70

139 583 217 644 Ven.
255 584 329 659 206,
361 598 433 656 gen.
470 579 608 661 νέκταρος
643 606 654 641 ι
686 585 761 661 359,
796 601 872 646 curn
906 585 1065 646 udIectivo
1099 571 1254 663 αεκτᾶρεος
1292 586 1323 642 Γ
1355 583 1422 644 385

140 687 170 741 Σ
193 686 295 755 253).

185 788 237 856 13)
268 790 350 865 πῖαρ,
380 787 533 845 neutrum
556 786 707 848 adrectivi
729 786 807 846 πίων
831 785 937 865 πίειρα.
965 787 1167 848 substantivi
1188 787 1260 848 loco
1285 802 1423 862 usurpa·

139 890 211 948 tum
240 889 291 948 est
314 892 345 945 A
369 889 434 948 550
457 891 538 959 (=P
557 891 633 959 659)
664 890 767 964 Apoll.
800 890 900 950 Rhod.
925 890 969 949 IV
995 891 1079 949 1133
1105 891 1153 960 (ut
1174 891 1331 949 nostrum
1354 892 1423 964 vet),

141 992 174 1050 et
207 991 375 1064 praeterea
406 989 524 1063 iegitur
553 1012 564 1048 ι
591 992 663 1068 135,
695 991 750 1051 ubi
773 991 857 1052 sitne
882 991 1079 1052 adiectivum
1102 1005 1144 1050 an
1168 990 1423 1050 substantivum

140 1091 314 1151 dubItatur.
350 1091 459 1151 Soloni
488 1092 685 1153 adiectivum
716 1094 767 1153 est
797 1097 869 1170 πῖαρ
901 1092 934 1152 in
965 1094 1041 1152 noto
1064 1091 1247 1166 fragmento
1273 1091 1330 1167 36,
1358 1091 1422 1152 21:

140 1189 211 1270 noio
234 1189 399 1269 ἀνταράξας
423 1197 494 1272 πῖαρ
521 1189 541 1263 ¹)
564 1191 670 1266 ἐξεῖλεν
694 1193 777 1273 γάλα.

189 1294 315 1354 vocalis
334 1295 487 1371 varietas,
511 1311 575 1368 qua
597 1296 737 1370 insignia
761 1299 838 1358 sunt
860 1295 992 1356 πίαν-
1011 1295 1131 1373 πιαίνω,
1158 1297 1230 1373 πῖαρ
1243 1327 1289 1336 -
1309 1293 1424 1374 πίειρα,

143 1396 321 1471 comparari
341 1398 448 1470 potest
467 1412 542 1457 cum
560 1397 667 1475 χειμών
680 1433 721 1440 --
735 1397 884 1476 χειμαίνω,
895 1402 980 1476 χεῖμα
993 1431 1035 1440 -
1047 1393 1199 1476 χειμέριος,
1211 1397 1245 1456 et
1257 1417 1366 1475 -φρων
1380 1429 1424 1437 -

142 1495 320 1576 πρόφρασσα
351 1496 494 1574 -φραίνω,
524 1498 637 1577 φράζω,
666 1498 799 1579 -φραδής
824 1498 967 1579 -φρήν
994 1497 1103 1578 φρενός
1128 1502 1189 1559 etc.
1219 1497 1298 1567 (dut.
1321 1496 1427 1576 ,φρασῖ

143 1601 255 1671 Pindi.

190 1704 241 1772 14)
265 1700 345 1781 ῧπᾶρ
369 1723 384 1760 τ
408 1703 471 1764 547
496 1726 516 1762 υ
541 1704 593 1764 90.

190 1805 241 1874 15)
265 1796 358 1881 εἶδαρ,
380 1805 461 1879 plur.
486 1803 594 1864 εἴδᾶτα.
621 1805 665 1866 Cf.
691 1803 747 1864 ἔδω
771 1808 788 1876 5
813 1807 887 1866 307.

190 1909 241 1974 16)
265 1895 354 1984 ἦμαρ,
375 1921 446 1979 gen.
468 1903 578 1983 ἤμᾶτας
599 1908 765 1984 etc.,cu1n
786 1907 974 1981 compositis
992 1907 1137 1985 ῖεξῆμαρ,
1155 1901 1302 1983 ἐννῆμαρ,
1322 1909 1425 1983 πᾶνα)

143 2029 201 2084 μαρ
233 2007 261 2077 (ἓ
291 2009 354 2084 28),
383 2015 551 2087 ποσσῆμαρ,
583 2007 719 2086 αὐτῆμαρ
750 2010 783 2069 et
806 2009 964 2069 adiectivo
992 2003 1183 2087 πανημέριος.
1207 2040 1250 2049 -
1275 2007 1367 2067 Rara
1390 2007 1426 2068 in

144 2108 324 2169 Homericis
351 2113 401 2170 est
424 2105 528 2171 forme
550 2106 569 2187 ἡ
593 2105 696 2189 ἡμέρη.

190 2211 241 2280 17)
277 2207 360 2290 ὄναρ,
393 2213 475 2287 plur.
512 2208 646 2293 ὀνείρᾶεα
677 2236 695 2272 υ
728 2213 780 2272 87.
806 2247 847 2255 -
871 2213 920 2272 Ab
956 2213 1070 2274 eadem
1105 2211 1205 2286 stirpe
1236 2210 1372 2272 ducitur
1408 2207 1425 2271 ὁ

145 2307 258 2391 ὄνειρος
283 2310 452 2392 (Ὄνειρος).

193 2415 243 2485 18)
268 2411 378 2495 ὄνειαρ,
399 2417 481 2492 plur.
506 2412 632 2475 ὀνείᾶπα.

192 2518 243 2586 19)
268 2507 367 2596 οὖθαρ
393 2516 547 2597 (ἀρούρης)
572 2523 590 2578 Ι
613 2521 674 2580 141
689 2545 721 2564 =
739 2521 813 2596 283,
837 2519 919 2595 plur.
942 2516 1060 2580 οὕθᾶτα
1083 2542 1094 2577 ι
1118 2515 1193 2576 440.

192 2621 245 2689 20)
268 2624 384 2700 πεῖραρ,
405 2621 487 2695 plur.
510 2621 633 2699 πείρᾶτα
656 2621 781 2698 πείρᾶσι.

189 2721 279 2781 Adde
310 2723 447 2797 pluralia
481 2711 627 2782 crederem
652 2725 680 2781 E
706 2725 768 2783 154
792 2724 852 2783 etc.
877 2722 928 2792 (cf.
953 2724 971 2793 5
996 2724 1036 2783 17
1060 2736 1133 2796 pag.
1158 2720 1211 2789 84)
1243 2720 1278 2778 et
1301 2714 1426 2777 ἀλείατα

144 2845 162 2881 υ
190 2824 262 2897 108,
294 2825 328 2883 et
357 2824 520 2899 singulare
550 2822 706 2901 diripuere
737 2846 778 2883 -αι
800 2827 830 2881 Σ
852 2826 914 2884 351
941 2845 964 2883 α
992 2825 1034 2884 45
1058 2825 1131 2897 etc,
1156 2820 1250 2882 cuius
1274 2820 1424 2881 nomina·

144 2924 233 2983 tirus
256 2919 403 3001 ἄλειφαρ)
427 2927 518 2986 extat
541 2926 618 2986 Hes.
643 2926 760 3000 Theog.
787 2927 850 2985 553
874 2926 990 2985 Aesch.
1022 2926 1139 2998 Agam.
1165 2922 1229 2982 322
1255 2921 1422 2983 Theocrit.

146 3024 206 3084 VII
233 3026 426 3086 14711v111
454 3028 506 3087 45.

190 3126 227 3185 In
248 3126 368 3188 Dianae
388 3130 530 3203 epitheto
553 3125 682 3206 ἰοχέαιρα
707 3130 747 3199 (Ε
767 3130 808 3187 53
825 3130 898 3198 etc.)
918 3127 1047 3187 latitare
1071 3123 1317 3187 substantivum
1343 3120 1426 3203 χέαρ,

145 3244 165 3288 a
188 3229 287 3303 stirpe
310 3252 346 3306 χα
369 3229 508 3307 (prieneo)
539 3231 671 3291 ductum
697 3231 730 3290 et
752 3231 858 3289 einum
882 3228 1078 3303 significans,
1103 3227 1298 3288 vertendum
1321 3225 1426 3300 igitur

146 3345 218 3390 esse
241 3331 369 3406 eupitius
392 3333 425 3390 in
451 3332 524 3391 sicu
543 3333 657 3391 nobem
681 3331 843 3406 expeddue,
865 3331 1087 3391 demonstrare
1108 3329 1245 3390 conatus
1264 3329 1317 3388 est
1335 3328 1364 3388 I.
1382 3327 1424 3389 11.

146 3431 318 3505 Hoogvliet
349 3433 600 3494 Grammaticaie
628 3433 808 3493 Raadseien
840 3448 869 3506 p.
904 3434 946 3492 34
979 3447 1059 3508 sqq„
1090 3429 1290 3504 ingeniosius
1320 3445 1425 3503 quam

145 3535 351 3608 probabilins.

190 3636 283 3710 Apud
303 3637 497 3698 recentiores
520 3636 693 3697 accedunt:

192 3739 221 3808 1)
253 3735 354 3816 δέλεαρ
378 3739 451 3799 Eur.
477 3738 575 3798 Andr.
602 3738 758 3811 2641ph.
783 3737 879 3798 Taur.
907 3737 989 3796 1181
1016 3737 1129 3799 Trocd.
1155 3737 1219 3797 695
1244 3734 1317 3796 Hel.
1346 3737 1425 3798 761.

145 3840 228 3901 Hinc
253 3840 459 3900 Callistratus
482 3863 502 3914 μ
527 3840 590 3899 252
614 3839 741 3913 legebat
765 3837 880 3897 δείλαια
905 3853 961 3912 pro
985 3837 1093 3897 εἴδατα.

191 3944 220 4012 2)
245 3950 349 4020 μῆχαρ.
374 3942 583 4003 Homericum
607 3944 659 4001 est
680 3938 712 3999 τὸ
736 3947 827 4017 μῆχος
849 3941 873 3998 Β
898 3942 961 4000 342
988 3943 1006 3999 Ι
1028 3941 1092 4000 249
1117 3963 1137 4017 μ
1162 3940 1225 3999 392
1251 3939 1265 4011 ξ
1290 3939 1369 4001 238.

189 4045 297 4104 Etiam
320 4044 435 4122 νύκτωρ
459 4047 560 4118 noctu,
584 4043 667 4116 quod
691 4043 779 4102 fuere
803 4042 857 4114 qui
879 4041 899 4118 β
926 4043 987 4102 105
1013 4042 1166 4117 legerent,
1195 4042 1247 4101 est
1271 4042 1426 4104 substan·

144 4146 250 4205 tivum
275 4147 416 4207 adverbii
440 4146 509 4207 ioco
533 4145 713 4207 adhibitum
739 4149 781 4215 (ε
794 4141 868 4202 κατὰ
887 4143 1007 4217 νύκτα);
1033 4144 1116 4217 apud
1140 4144 1289 4218 posteros
1309 4146 1427 4206 autem

145 4248 329 4322 frequenter
364 4251 538 4323 usurpatur
576 4248 706 4322 perinde
745 4249 842 4319 atque
884 4241 957 4325 ὄναρ
984 4262 1044 4321 per
1080 4260 1229 4306 somnum
1270 4248 1305 4306 et
1341 4244 1427 4329 ὕπαρ

145 4368 260 4412 cerna.
287 4352 331 4412 ef.
357 4349 499 4411 ἐνύπνιον
525 4353 548 4409 Β
573 4352 614 4411 56
639 4351 709 4421 (εξ
733 4351 808 4419 495)
833 4349 997 4423 Aristoph.
1022 4349 1117 4423 Vesp.
1146 4347 1242 4409 1218.

180 4572 198 4633 Ι)
216 4577 271 4622 Non
288 4585 345 4638 πῖαρ
363 4574 408 4621 sod
427 4580 489 4638 πῦαρ
508 4574 615 4634 praebet
633 4585 748 4633 papyrus
767 4575 898 4633 Ἀθηναίων
916 4577 989 4619 notar.
1005 4569 1071 4619 11⁴⁶.
