3120 5124
741 392 821 436 Lxxl

140 568 220 630 libro
238 569 284 629 de·
298 565 468 628 audiendis
490 565 595 641 poetis
615 580 683 640 cap.
706 567 738 626 4.
759 565 867 625 Tertio
887 566 960 639 post
982 564 1054 625 Chr.
1075 567 1204 627 saeculo
1224 569 1419 643 Porphyrius

140 670 281 745 plurima
300 668 431 743 collegit
452 665 602 746 ζητήματα
617 661 771 744 Ὁμηρικά,
790 667 875 727 unde
895 667 1001 727 multa
1022 668 1220 742 irrepserunt
1238 670 1271 730 in
1286 671 1419 748 scholia,

140 788 170 833 e.
192 788 223 847 g.
247 771 288 832 ad
313 766 426 835 Ξ216
450 771 482 829 Χ
504 772 557 845 38,
582 769 646 829 406
668 761 701 837 ¹).

185 873 289 934 Sarrae
322 872 443 933 mentis
471 870 656 933 hominibus
679 870 760 931 talia
783 870 812 930 si
836 871 897 931 ioci
921 886 1021 932 cansa
1044 876 1215 947 agerentur
1238 877 1417 953 nugatoria,

139 976 172 1037 si
199 976 284 1037 serio
317 974 456 1036 absurda
486 973 678 1041 videbantur
697 972 730 1048 ²),
761 974 796 1033 et
826 973 932 1033 derisa
965 974 1004 1033 ab
1035 974 1077 1034 iis
1108 990 1181 1036 esse
1208 985 1418 1055 γραμματικῶν

139 1076 279 1156 περίεργα
312 1072 396 1155 γένη,
420 1073 573 1154 ῥιζώρυχα
608 1073 722 1151 μούσης
753 1069 906 1152 ἀλλοτρίης
928 1069 961 1150 ³),
992 1075 1108 1148 quibus
1139 1075 1227 1153 λίμον
1258 1076 1418 1156 φαρμακὸν

140 1180 229 1240 esset
258 1178 339 1239 Ilias
359 1180 392 1254 ⁴),
423 1177 561 1238 libenter
590 1177 761 1238 credimus.
794 1176 904 1249 Neque
928 1177 1034 1250 magis
1057 1178 1229 1240 honorifice
1252 1179 1417 1240 Iuvenalis

139 1280 199 1341 VII
224 1281 290 1342 229
314 1294 384 1354 sqq.
407 1279 563 1341 iudicavit
585 1279 624 1340 de
643 1290 722 1339 suae
744 1278 863 1338 aetatis
883 1278 1068 1339 hominibus
1088 1279 1220 1353 Vergilii
1240 1281 1417 1342 Aeneidem

138 1384 271 1458 perinde
302 1383 399 1456 atque
431 1381 626 1443 Graecorum
657 1381 803 1446 carmina
822 1381 958 1441 'heroica
982 1380 1150 1442 inutilibus
1173 1383 1416 1455 quaestionibus

138 1483 352 1547 obruentibus
375 1485 408 1545 et
431 1497 450 1543 a
473 1484 678 1558 praeceptore
702 1481 910 1556 poscentibus

677 1640 682 1649 ,
877 1585 914 1642 ut
937 1583 1019 1644 forte
1043 1585 1176 1658 rogatus

297 1688 377 1749 dum
399 1686 481 1760 petit
504 1687 561 1746 aut
584 1685 742 1745 Thermas
765 1686 823 1746 aut
847 1685 965 1745 Phoebi
989 1685 1113 1762 balnea,
1139 1687 1225 1748 dicat

298 1787 655 1863 nutricemAncbisae,
678 1801 798 1847 nomen
821 1787 1024 1862 patriamque
1050 1803 1208 1850 novercae

297 1888 499 1964 Anchemoli,
523 1888 610 1949 dicat
632 1889 711 1961 quot
733 1889 869 1948 Acestes
893 1889 1013 1949 vixerit
1035 1904 1136 1950 annos
1161 1892 1221 1952 eto.

102 1994 108 2007 ‘
183 1993 358 2066 Nunquam
392 1991 520 2051 demere
557 1991 612 2064 qui
643 1989 868 2063 intellegerent
900 1990 932 2050 id
963 1991 1046 2063 quod
1075 1990 1304 2054 Eratosthenes
1336 1994 1415 2054 olim

139 2096 175 2154 et
202 2093 415 2154 Aristarchus
445 2091 605 2152 inculcare
635 2090 792 2165 solebant,
820 2093 933 2166 poetas
965 2092 1072 2166 epicos
1104 2108 1168 2153 non
1200 2096 1237 2153 ut
1267 2096 1418 2156 docerent

138 2196 290 2257 homines
316 2194 462 2254 carmina
484 2208 545 2253 sua
567 2191 748 2254 condidisse
771 2192 829 2253 sed
851 2195 889 2252 ut
912 2207 969 2254 eos
993 2192 1200 2270 delectarent,
1225 2197 1323 2256 etex
1346 2197 1415 2271 ipso

138 2297 351 2372 potissimum
374 2296 516 2357 Homero
539 2295 720 2356 Homerum
743 2310 817 2356 esse
840 2295 1077 2370 explicandum.

187 2499 250 2561 Sed
273 2498 349 2560 flnis
367 2498 551 2573 disputandi
571 2500 622 2559 est
639 2497 814 2559 faciendus.
835 2496 1023 2558 carminum
1038 2497 1283 2561 Homericorum
1294 2503 1416 2575 quanta

141 2603 289 2676 potestas
310 2601 409 2661 fuerit
432 2601 465 2660 in
488 2600 709 2661 Romanorum
728 2600 866 2674 ingeniis
886 2600 1110 2675 efformandis;
1132 2586 1291 2673 quantum
1310 2603 1416 2663 value-

142 2703 208 2763 rint
226 2703 260 2762 in
282 2704 411 2763 mentes
430 2702 599 2762 hominurn
619 2702 674 2775 qui
694 2701 833 2763 saeculis
854 2702 1085 2762 recentioribus
1101 2702 1141 2762 ad
1153 2705 1416 2779 nostrumusque

143 2805 274 2879 tempus
296 2804 466 2877 vixenmt;
490 2803 647 2864 aemulati
669 2803 754 2864 inter
775 2803 864 2877 ipsos
887 2803 1027 2864 Graecos
1050 2803 1186 2878 aliisque
1210 2806 1243 2865 in
1266 2807 1418 2880 gentibus

143 2906 197 2979 qui
215 2905 338 2966 fuerint
355 2907 479 2981 poetae,
499 2905 533 2965 et
551 2919 613 2978 quo
640 2920 810 2979 successu;
830 2904 1044 2980 interpretari,
1057 2908 1239 2985 emendare,
1254 2908 1418 2969 doctrinae

144 3007 213 3069 luce
235 3008 377 3082 undique
400 3008 502 3083 petita
523 3007 687 3068 illustrare
711 3008 766 3080 qui
790 3008 972 3068 studuerint
993 3010 1200 3081 grammatici
1219 3008 1338 3082 aliique
1358 3011 1419 3074 viri

145 3109 238 3186 docti,
267 3143 309 3154 —
334 3109 413 3170 haee
444 3109 554 3170 omnia
576 3124 775 3183 quamquam
799 3107 992 3183 dignissima
1017 3110 1094 3169 sunt
1116 3125 1199 3183 quae
1222 3110 1299 3171 data
1322 3125 1418 3185 opera

146 3212 348 3287 exponantur
377 3211 511 3284 fuseque
542 3212 741 3286 enarrentur,
776 3226 796 3271 a
826 3211 918 3271 nobis
947 3211 1058 3271 tamen
1088 3211 1141 3272 hic
1173 3214 1250 3272 sunt
1278 3215 1415 3286 praeter-

147 3312 313 3374 mittenda.
345 3312 454 3386 lieque
486 3313 525 3373 de
556 3314 670 3375 textus
695 3313 750 3386 qui
774 3313 815 3373 ad
836 3327 896 3373 nos
918 3313 1134 3373 transmissus
1158 3315 1209 3374 est
1231 3314 1416 3376 condicione

177 3594 197 3658 ¹)
213 3596 314 3645 Ibidem
332 3610 357 3657 p.
377 3598 433 3644 199.

176 3673 355 3739 ¹)Homernm
384 3677 422 3724 ita
448 3676 604 3736 explicatum
641 3690 691 3725 non
725 3677 854 3737 placuisse
884 3674 1022 3724 Parthenio
1049 3677 1088 3723 illi
1114 3677 1158 3737 qni
1184 3677 1258 3738 πηλὸν
1282 3677 1416 3726 Ὀδύσσειαν

149 3758 181 3802 ml
205 3761 279 3819 βάτον
301 3756 390 3802 Ἰλιάδα
408 3755 494 3803 dicere
520 3756 650 3810 sustinuit,
675 3757 789 3817 graviter
811 3757 869 3804 ideo
891 3758 924 3804 ab
941 3757 992 3804 elio
1009 3760 1086 3818 poeta
1105 3757 1252 3818 increpatus
1269 3759 1296 3804 in
1314 3759 1415 3806 Anthol.

149 3835 238 3882 Jacobs
259 3835 300 3882 111
326 3848 352 3895 p.
377 3836 417 3892 ia,
439 3835 481 3881 vix
504 3838 544 3883 est
562 3835 631 3896 quod
651 3836 822 3895 indignemur.
840 3837 976 3897 Ζηνοδόιου
994 3841 1117 3890 σκύλακας,
1134 3838 1276 3893 obediencie
1293 3842 1416 3885 venantes

150 3918 172 3961 et
187 3914 218 3963 da
231 3916 382 3963 vocularum
396 3932 438 3974 μιν
451 3918 477 3963 et
491 3933 547 3978 oper
561 3916 708 3964 discrimine
726 3917 888 3977 disputantes
904 3919 931 3964 et
948 3917 1107 3978 inquirentes
1125 3918 1146 3962 el
1159 3919 1229 3972 κύνας
1244 3911 1292 3977 rige
1308 3921 1414 3979 Κύκλωψ

150 3995 200 4041 risit
223 3992 360 4056 Philippus
386 3995 467 4055 epigr.
493 3997 524 4042 48
561 3993 667 4057 (Jacobs
692 3996 732 4043 111
754 4010 779 4056 p.
805 3991 874 4060 20⁷),
894 3996 944 4043 vid.
963 3997 1041 4043 etiam
1059 3994 1138 4054 epigr.
1157 3996 1196 4042 44.
1215 3996 1371 4044 Aristarchei
1389 3998 1415 4044 in

150 4072 208 4122 bano
223 4078 325 4135 portem
342 4075 425 4122 multo
443 4075 528 4122 minus
546 4075 697 4135 peccabant,
711 4088 795 4133 neque
813 4075 885 4134 digni
901 4077 974 4122 erant
989 4075 1034 4133 qui
1053 4074 1085 4121 ab
1103 4073 1229 4121 Herodico
1245 4075 1362 4123 Orateteo
1378 4077 1415 4123 ita

150 4155 357 4215 compellarentur
375 4151 479 4215 (Athen.
497 4154 518 4212 V
537 4149 628 4219 nahah

407 4233 497 4294 esaye?
516 4235 687 4297 Ἀρισταρχιῖοι
704 4233 739 4280 Μ
760 4233 826 4297 sopio
845 4241 905 4280 νῶτα
925 4236 1049 4293 θαλάσσης
1066 4236 1124 4289 eto„

151 4325 219 4370 qoem
243 4326 347 4361 versum
374 4325 426 4358 noo
452 4312 593 4371 indignatio
616 4313 678 4359 iecit
699 4312 745 4360 sed
769 4314 908 4360 Homerum
934 4313 1051 4360 imitandi
1068 4311 1190 4369 studium,
1209 4327 1268 4360 nam
1284 4313 1311 4360 in
1328 4314 1413 4360 locum

151 4400 188 4438 rin
203 4397 309 4456 Ἀργείων
325 4391 463 4440 mbetitnti
480 4394 540 4438 sunt
558 4396 579 4438 oi
596 4394 772 4457 Ἀρισιαρχεῖοι.

177 4467 198 4535 ¹)
213 4473 371 4535 Antiphanes
389 4470 472 4531 epigr.
490 4471 504 4517 b
523 4466 639 4535 (Anthol.
656 4471 751 4519 Jacobs
768 4471 795 4517 11
812 4484 838 4531 p.
860 4465 926 4533 189).

177 4547 195 4608 ⁴)
210 4551 264 4600 vid
280 4550 392 4601 Lucisni
410 4549 568 4609 epigramma
585 4549 612 4595 in
632 4549 735 4596 Anthol.
753 4548 848 4596 Jnoobs
865 4549 906 4596 111
923 4562 949 4609 p.
970 4550 1010 4596 28.
