3120 5124
66 426 86 502 ὃ
111 427 187 498 328]
670 423 734 484 587

155 616 186 670 Λ
210 614 273 673 365
297 601 317 689 ἦ
338 610 402 688 θήν
425 605 449 670 d
475 608 589 684 ἐξανύω
612 631 644 690 γε
667 606 717 668 καὶ
736 608 858 688 ὕστερον
875 605 1072 687 ἀντιβολήσας
1089 610 1217 685 posthac
1235 614 1339 670 iumen

200 714 360 790 omiiowm
379 716 415 788 io,
436 714 546 788 opinor
569 712 655 782 (licet
674 727 760 772 nunc
783 711 916 771 deorum
940 726 1045 787 opera,
1070 724 1134 771 non
1156 713 1214 771 tua
1236 711 1339 787 ipsius

201 815 331 890 virtute,
356 829 409 874 me
433 813 606 887 effugeris).

108 915 231 977 Eadem
277 917 373 976 huius
418 915 593 991 particulae
640 915 702 974 fuit
744 928 815 973 sors
851 915 948 987 atque
988 915 1220 988 praecedentis,
1254 915 1338 975 Nam

64 1033 140 1078 oum
163 1018 195 1078 in
217 1018 355 1078 dictione
375 1016 548 1078 Homerica
571 1031 665 1076 suam
693 1016 828 1076 vixisset
853 1016 957 1076 vitam
977 1018 1010 1077 et
1034 1031 1166 1076 summa
1189 1017 1337 1077 libertate

64 1121 153 1179 esset
187 1134 256 1194 usa,
291 1120 402 1193 postea
437 1118 565 1178 nonnisi
596 1118 772 1178 imminuta
804 1117 922 1191 aliique
952 1118 1129 1192 particulae
1157 1117 1257 1178 affixa
1287 1133 1336 1177 su·

62 1223 199 1298 paravit,
225 1221 497 1295 quemadmodum
531 1239 586 1298 περ
623 1219 855 1294 monosyllabis
886 1220 1018 1279 tantum
1049 1219 1235 1293 copulatum
1260 1217 1334 1289 (καί-

64 1342 129 1400 περ,
147 1320 237 1400 εἴπερ,
261 1319 360 1401 ὅσπερ)
385 1324 488 1383 vitam
509 1322 717 1383 sustentavit.
740 1321 792 1382 Sic
816 1321 1013 1381 animalcula
1032 1322 1190 1394 quaedam
1211 1322 1338 1382 marina

66 1459 107 1469 -
139 1425 256 1498 quibus
287 1424 437 1486 Medusae
468 1439 587 1484 nomen
617 1423 757 1483 inditum
780 1424 832 1483 est
856 1456 896 1466 -
919 1423 1024 1497 prima
1047 1423 1216 1484 iuventute
1239 1423 1338 1484 libere

64 1542 120 1602 per
155 1527 274 1587 fluctus
307 1526 552 1601 circumvagari,
596 1525 742 1586 adultam
779 1540 855 1585 vero
890 1527 1033 1586 aetatem
1067 1525 1200 1600 rupibus
1238 1523 1338 1585 affixa

64 1629 254 1704 transigere,
288 1628 412 1702 zoologi
446 1628 570 1688 docent.
607 1625 789 1687 Particulae
826 1628 938 1687 autem
972 1630 1035 1703 θην
1070 1641 1145 1686 cum
1172 1626 1337 1686 mobilitas

64 1733 179 1805 postea
201 1730 343 1791 decrevit
366 1733 436 1790 tum
460 1729 530 1804 ipse
555 1743 666 1803 sonus,
692 1728 726 1788 in
749 1731 807 1785 θεν
832 1728 919 1787 enim
943 1728 1032 1803 abiit,
1057 1728 1205 1802 superest
1226 1728 1335 1787 autem

64 1832 98 1892 in
132 1831 251 1892 Atticis
284 1830 450 1905 particulis
485 1829 581 1906 δῆθεν
612 1831 646 1890 et
671 1827 838 1905 δήπουθεν,
867 1844 949 1902 quas
972 1829 1051 1888 item
1080 1829 1202 1890 ironica
1223 1844 1284 1889 sua
1307 1829 1339 1888 vi

65 1933 210 2007 insignes
244 1948 316 1993 esse
353 1934 408 1992 vix
439 1947 519 2007 opus
553 1931 680 1992 videtur
709 1931 761 1991 hic
792 1931 956 1991 observari
980 1933 1011 1999 ¹).
1042 1932 1094 1992 Sic
1117 1930 1177 2009 μήν
1201 1923 1281 2008 (μὰν)
1305 1931 1338 1990 in

65 2031 119 2112 μέν
152 2035 240 2111 abiit,
272 2033 310 2110 δή
333 2035 366 2094 in
390 2031 431 2109 di,
458 2024 497 2093 αὖ
530 2035 563 2093 in
586 2025 619 2090 il-
643 2029 747 2111 (ἀτάρ),
770 2022 789 2110 ἦ
813 2032 999 2093 debiliorem
1024 2032 1121 2093 habet
1150 2033 1289 2094 formam
1314 2031 1338 2090 i-

65 2132 175 2212 (liufo,
198 2126 261 2195 εὖτε
284 2133 388 2206 (Horo)
412 2136 525 2196 autem
550 2132 605 2193 ὅτε.

110 2289 140 2348 5.
174 2287 262 2363 Quod
292 2285 447 2346 ultimum
477 2284 647 2345 observavi
684 2299 779 2345 voces
814 2283 874 2361 μήν
909 2285 979 2346 sive
1014 2277 1073 2362 priv
1106 2287 1134 2356 (ἓ
1158 2289 1188 2355 b)
1220 2287 1253 2346 et
1276 2282 1340 2362 μέν,

66 2387 103 2465 δή
140 2390 174 2448 et
209 2385 241 2447 δέ
275 2387 418 2461 duplices
453 2401 525 2459 esse
552 2386 697 2447 eiusdem
728 2386 905 2460 particulae
935 2387 1058 2447 formas
1093 2388 1142 2457 (ci.
1174 2386 1280 2464 §lssb
1308 2388 1339 2448 id

65 2506 141 2551 cum
172 2490 205 2550 in
237 2491 425 2549 universum
457 2489 582 2548 certum
616 2491 667 2548 est
691 2521 731 2530 -
756 2503 810 2548 me
839 2489 970 2561 quidem
1001 2488 1166 2549 iudice-
1192 2490 1339 2562 scituque

64 2591 290 2666 utilissimum,
318 2593 389 2650 tum
422 2605 496 2650 vero
520 2590 741 2650 necessarium
776 2590 907 2650 omnino
940 2590 980 2649 ad
1006 2590 1141 2650 Homeri
1165 2590 1339 2652 dictionem

63 2697 232 2767 artemque
256 2693 427 2753 metricam
457 2690 699 2763 intellegendas.
732 2691 816 2751 Nam
843 2691 920 2751 licet
949 2693 1032 2766 apud
1056 2693 1251 2766 posteriores
1275 2694 1339 2762 (At-

62 2797 144 2856 ticos
169 2797 202 2855 et
224 2792 278 2870 τὴν
302 2791 408 2870 κοινήν
433 2794 515 2861 volo)
550 2808 614 2852 non
637 2793 743 2852 forma
766 2792 873 2853 solum
893 2794 950 2853 sed
974 2795 1074 2853 etiam
1098 2809 1196 2854 sensu
1221 2797 1254 2854 et
1277 2811 1339 2855 usu

62 2898 234 2959 distinctae
257 2897 323 2956 sint
347 2895 479 2955 voculae
503 2891 563 2970 μήν
588 2896 620 2954 et
644 2890 708 2970 μέν,
731 2892 768 2970 δή
793 2894 827 2953 et
848 2890 890 2969 δέ,
913 2894 946 2953 in
968 2895 1058 2968 epica
1081 2894 1192 2968 lingua
1212 2895 1338 2955 nullum

62 3000 146 3060 inter
179 2999 335 3071 utrasque
366 2996 488 3056 formas
524 2997 575 3056 est
607 2996 782 3056 discrimen
814 2996 877 3055 nisi
909 2995 993 3069 quod
1024 2997 1075 3055 est
1101 2997 1186 3057 inter
1208 2997 1340 3070 longam

63 3100 224 3175 syllabam
251 3102 285 3159 et
307 3098 449 3158 brevem.
474 3098 558 3158 Hinc
582 3088 601 3174 ἦ
626 3094 690 3173 μέν,
713 3095 749 3157 οὐ
775 3093 839 3175 μέν,
862 3094 902 3174 μὴ
926 3093 980 3174 μέν
1012 3099 1143 3172 saepius
1166 3099 1284 3172 legitur
1306 3100 1340 3159 in

61 3204 154 3263 textu
179 3199 308 3275 tradito,
328 3199 447 3272 aliique
468 3199 530 3259 loci
552 3200 631 3258 sunt
650 3198 745 3258 multi
777 3199 831 3258 ubi
855 3195 992 3275 pinnen
1013 3200 1197 3261 notionibus
1208 3202 1293 3262 inter
1304 3217 1340 3263 se

62 3302 256 3379 opponendis
289 3301 426 3361 inservit
460 3301 517 3361 sed
552 3297 751 3360 affirmativa
786 3300 944 3374 particula
975 3303 1027 3360 est
1060 3316 1160 3362 mera.
1198 3302 1282 3362 Hinc
1306 3298 1336 3362 δ’

62 3405 185 3479 passim
205 3404 292 3464 idem
320 3403 404 3477 quod
435 3400 473 3479 δή
503 3402 601 3478 valet,
634 3416 713 3475 eg.
742 3398 782 3477 μὴ
803 3395 834 3460 d’
866 3400 1008 3472 οὕτως...
1031 3399 1035 3479 Ι
1055 3398 1156 3462 κλέπτε
1182 3402 1243 3488 νόῳ
1274 3405 1341 3474 (ini-

62 3508 145 3567 tium
184 3509 236 3566 est
278 3505 442 3574 orationis)
478 3507 508 3562 A
534 3505 593 3563 131
638 3504 700 3563 ooli
734 3504 868 3578 profecto
905 3507 1114 3578 tantopere...
1146 3497 1186 3580 ²);
1222 3507 1341 3580 saepis·

62 3609 143 3668 sime
180 3607 280 3667 etiam
316 3606 469 3680 epodosin
493 3605 597 3680 aperit
632 3601 675 3680 δέ,
706 3608 742 3664 ut
773 3604 926 3664 Latinum
957 3609 990 3664 ot
1013 3598 1053 3680 ³);
1085 3605 1235 3678 qualibus
1261 3607 1342 3667 locis

59 3710 254 3770 advocatiae
287 3709 341 3768 vix
373 3707 440 3767 ulla
470 3706 648 3781 particulae
680 3708 813 3780 apparet
845 3707 906 3782 vis,
931 3723 958 3767 e.
983 3721 1014 3781 g.
1047 3709 1077 3764 A
1101 3709 1196 3769 3941
1223 3705 1341 3769 εἴποτέ

54 3953 161 4002 Scilicet
185 3952 212 3999 in
239 3952 379 3999 absurdum
405 3964 518 4000 errorem
544 3966 604 4000 enm
629 3952 771 3999 abduxerat
795 3955 898 3999 vetusta
917 3955 1090 4002 controversia
1108 3954 1140 4002 de
1158 3955 1243 4002 dualis
1260 3956 1343 4002 forma

54 4037 185 4092 κάματον,
203 4044 280 4091 qnam
298 4031 444 4079 zenodotus
461 4032 559 4092 aliique
576 4033 696 4093 καμέτην
714 4033 863 4080 scribebant
880 4028 925 4098 (oi.
944 4034 957 4092 5
978 4035 1025 4082 115
1043 4048 1104 4095 pag.
1123 4033 1197 4096 abab
1215 4035 1342 4095 adquam

53 4112 236 4171 quaestionem
263 4110 432 4157 dirimendam
456 4111 582 4170 quosdam
607 4112 639 4158 ad
666 4113 845 4159 anctoritatem
870 4110 983 4158 librorum
1001 4111 1086 4174 Arpini
1105 4116 1132 4161 et
1150 4111 1267 4160 oreimis
1283 4128 1341 4174 pro·

52 4201 163 4239 romae
185 4191 311 4250 suspicor.

92 4265 112 4333 ¹)
129 4269 201 4318 Nihil
224 4269 303 4328 igitur
327 4269 388 4316 huic
414 4269 530 4328 syllabae
560 4276 616 4317 aare
643 4284 780 4319 commune
807 4285 864 4318 ease
890 4283 949 4318 cnm
972 4272 1067 4319 suffixo
1087 4279 1142 4319 aar
1160 4268 1186 4338 (5
1205 4272 1247 4333 17)
1265 4287 1341 4322 nemo

55 4360 110 4396 non
127 4348 207 4396 videt.

92 4424 114 4492 ²)
133 4427 260 4485 Qualibus
286 4427 350 4474 loeis
377 4429 515 4488 quominus
541 4429 570 4488 δή
593 4430 745 4488 scribamus,
772 4431 842 4491 qnod
863 4430 936 4478 fuere
958 4431 1003 4488 qui
1027 4431 1154 4489 iuberent,
1171 4432 1344 4481 certissimum

49 4506 141 4553 obstat
159 4510 342 4566 argumentum
360 4520 375 4553 e
394 4521 421 4553 re
441 4509 548 4554 metrica
565 4509 676 4567 petitum
686 4522 692 4565 ;
711 4510 744 4556 oi.
763 4509 778 4568 5
797 4512 819 4556 Β.

90 4581 111 4646 ³)
127 4585 203 4643 Quod
220 4599 302 4645 genus
319 4587 441 4646 loquendi
459 4588 536 4634 etiarn
554 4588 621 4633 inter
639 4589 738 4635 Atticos
757 4589 876 4637 homines
894 4590 999 4637 minime
1018 4603 1104 4637 rarum
1126 4593 1178 4637 est.
