3120 5124
758 60 800 121 se
1318 59 1345 129 [s
1366 41 1460 117 1?

144 248 267 308 formae
300 245 388 324 ἥαααι
431 246 544 306 κείαται
577 248 666 323 etc„
683 248 784 308 etiam
806 248 876 307 'ubi
911 248 1124 321 anapaestum
1159 244 1313 321 efficiunt,
1351 256 1460 307 neb

142 350 275 409 dubium
306 351 368 410 erit
399 351 476 423 quin
507 351 593 411 recte
626 350 785 411 scribatur
815 342 861 409 olo
884 348 978 421 (cici)
1005 348 1057 410 vel
1088 351 1273 425 Ἀοιληοιοῖο
1307 345 1435 419 (obi)

143 451 323 524 penultima
342 453 497 527 correpta,
521 452 649 524 aliaque
668 452 774 512 multa
792 451 998 526 probabiliter
1016 451 1064 510 ita
1078 450 1230 525 poterunt
1249 447 1408 511 constitui.

142 553 201 613 Vel
237 554 283 613 sic
318 555 429 614 tamen
460 555 559 614 nimis
589 554 694 614 multa
723 555 846 615 incerta
878 553 1066 628 manebunt,
1091 553 1244 625 quoniam
1268 550 1408 626 linguam

142 655 276 715 Homeri
308 656 370 716 nisi
403 672 443 716 ex
474 656 673 716 carminibus
703 656 886 717 Homericis
909 669 1100 730 cognoscere
1128 652 1301 714 nonlicet.
1327 653 1410 713 Sern-

141 772 197 831 per
220 757 360 833 quidem,
384 760 422 818 ut
444 759 503 819 hoc
528 758 677 831 exemplo
700 761 842 834 utamur,
865 758 901 817 in
924 757 1031 818 radice
1053 776 1138 816 αιεαα
1158 753 1319 827 (κτεάτεσσι
1342 756 1411 823 etc.)

142 859 250 918 brevis
280 860 332 920 est
362 859 488 934 syllaba
517 861 661 937 initialis,
686 861 742 920 sed
767 862 904 934 cognata
923 862 1036 920 tamen
1055 856 1212 918 vocabula
1230 863 1333 935 κτῆσις
1353 856 1411 916 etc.

144 962 318 1022 ostendunt
342 961 471 1035 longam
494 962 641 1022 vocalem
664 981 701 1039 q:
715 997 756 1005 —
782 963 873 1022 estne
897 963 976 1022 haec
999 961 1125 1036 poetica
1147 959 1246 1032 lgitm
1270 958 1412 1033 libertae,

143 1078 185 1122 an
204 1065 237 1122 in
256 1063 327 1137 ipsa
349 1063 459 1137 lingua
479 1065 569 1139 epica
592 1063 785 1125 vocabulum
809 1062 919 1140 κτήαια
942 1062 1109 1136 dactylum
1134 1076 1199 1122 non
1217 1061 1286 1120 iam
1306 1058 1413 1133 imple

144 1164 224 1224 bat?
259 1165 336 1240 Quis
369 1165 502 1227 dixerit!
536 1167 587 1226 Sic
618 1168 651 1226 in
674 1166 897 1242 patronymico
921 1165 1071 1243 Πηλεΐδης
1093 1165 1230 1236 aliisque
1252 1163 1286 1223 id
1313 1175 1414 1235 genus

144 1265 292 1339 plurimis
315 1281 444 1341 semper
466 1268 594 1340 quidem
619 1269 788 1343 corripitur
812 1269 938 1342 syllaba
960 1268 1111 1343 secunda,
1135 1281 1195 1326 nec
1213 1267 1328 1325 tamen
1347 1262 1414 1322 iure

143 1368 216 1428 inde
240 1369 385 1429 effeceris
406 1384 470 1429 non
494 1370 664 1431 metricam
689 1371 772 1430 hanc
794 1386 867 1431 esse
890 1371 1141 1444 correptionem;
1166 1382 1245 1427 nam
1268 1363 1340 1426 fieri
1358 1356 1414 1438 pe'r

20 1464 25 1471 '
145 1470 327 1530 hexametri
358 1486 511 1532 numeros
542 1487 605 1532 non
633 1473 759 1547 poterat
783 1472 859 1545 quin
883 1487 1011 1546 semper
1034 1473 1068 1532 et
1090 1471 1207 1543 ubique
1231 1483 1251 1528 a
1275 1465 1416 1528 vetustis

145 1571 274 1631 vatibus
298 1572 519 1649 corriperetur,
544 1574 673 1647 longam
698 1576 809 1635 autem
833 1575 934 1634 fuisse
957 1575 990 1634 in
1013 1573 1124 1646 lingua
1148 1570 1323 1632 Homerica
1341 1567 1416 1629 aila·

146 1673 207 1732 tim
237 1675 352 1734 docent
375 1675 530 1735 vocabula
553 1678 690 1748 cognata
714 1678 836 1753 Πηλῆος
861 1673 1038 1752 Πηληιάδης
1061 1675 1133 1749 etc,
1158 1672 1198 1734 ci.
1222 1673 1240 1742 ἓ
1261 1673 1322 1746 76;
1342 1684 1416 1744 qua·

145 1777 274 1849 propter
297 1778 354 1835 aut
377 1779 508 1838 omnino
532 1779 571 1838 ab
594 1778 780 1838 huiusmodi
803 1778 938 1851 syllabis
961 1777 1171 1838 abstinendae
1193 1775 1272 1835 sunt
1299 1785 1418 1832 manus

147 1879 204 1937 aut
227 1880 450 1952 patronymica
472 1881 617 1940 omnium
642 1881 747 1954 prima
766 1894 953 1954 recuperare
973 1879 1133 1940 debebunt
1153 1874 1301 1936 vocalem
1322 1886 1417 1934 suam

147 1978 287 2056 mildam,
318 1980 474 2059 Πηλῆίδης
506 1984 565 2042 etc.
589 2016 629 2025 —
651 1984 694 2041 At
718 1997 815 2055 quam
844 1981 950 2042 multa
972 1983 1019 2041 ita
1042 1981 1075 2040 in
1098 1979 1268 2040 nominum
1292 1977 1327 2036 et
1350 1989 1417 2035 ver·

147 2081 260 2141 borum
296 2083 433 2144 flexione
469 2084 588 2144 fuerint
622 2085 786 2145 novanda!
823 2100 881 2145 nec
916 2085 955 2144 de
990 2083 1139 2144 omnibus
1176 2080 1303 2140 certum
1342 2074 1419 2137 ferri

148 2184 265 2256 poterit
286 2185 450 2246 iudicium.
476 2187 588 2258 ltaque
612 2187 666 2259 qui
689 2187 775 2261 sapit
797 2201 900 2246 novas
923 2187 983 2246 has
1006 2200 1059 2246 res
1082 2198 1146 2244 non
1170 2180 1325 2241 molietur
1346 2175 1379 2248 ¹).

192 2285 284 2358 Apud
320 2286 432 2347 Atticos
467 2289 579 2361 poetas
611 2303 707 2362 saepe
743 2287 857 2362 corripi
892 2287 1035 2360 syllabas
1067 2308 1099 2344 αι
1128 2286 1162 2344 et
1192 2302 1220 2341 οι
1242 2281 1276 2341 in
1301 2278 1418 2341 mediis

147 2387 322 2463 vocabulis,
355 2403 381 2448 e.
415 2404 444 2461 g.
469 2389 503 2448 in
533 2387 660 2460 δείλαιος
691 2388 743 2449 vel
767 2387 831 2466 οἴει,
852 2390 930 2448 nota
952 2403 1005 2448 res
1029 2389 1096 2462 est;
1120 2400 1176 2461 pro
1199 2386 1297 2443 ποιεῖν
1320 2394 1417 2456 saepe

146 2492 231 2547 ποεῖν
265 2488 383 2562 legitur
411 2491 445 2549 iu
467 2490 636 2566 lapidibus,
661 2491 745 2551 unde
767 2491 875 2565 ipsum
898 2490 997 2563 igitur
1023 2488 1177 2563 populum
1198 2487 1246 2547 ita
1268 2484 1415 2546 locutum

147 2606 219 2651 esse
253 2591 322 2650 iure
357 2592 534 2651 effecerunt
564 2593 625 2653 viri
655 2594 756 2668 docti;
790 2592 829 2653 ci.
859 2592 965 2652 Christ
987 2590 1114 2652 Metrik²
1139 2604 1168 2664 p.
1194 2589 1247 2664 27,
1271 2585 1417 2646 Kilhner·

147 2693 241 2752 Blass
272 2694 287 2752 Ι
318 2707 347 2767 p.
382 2694 456 2768 313,
489 2694 701 2755 Meisterlrans
729 2695 872 2755 Gramm.
905 2693 934 2754 d.
959 2694 1018 2754 att.
1041 2692 1164 2752 Inschr.
1188 2705 1218 2763 p.
1243 2689 1304 2761 443
1328 2687 1368 2747 de
1392 2704 1418 2745 ει

147 2794 181 2854 in
211 2814 224 2853 ε
256 2795 382 2855 mutato
413 2796 559 2856 videatur
582 2797 667 2857 idem
692 2813 721 2872 p.
746 2799 786 2856 31
812 2812 881 2870 sqq.
896 2795 1071 2856 -Eadem
1095 2793 1147 2854 est
1170 2791 1258 2864 origo
1281 2787 1416 2849 voculae

149 2888 200 2956 biv
223 2897 243 2956 i.
269 2914 296 2957 e.
320 2895 394 2958 εἰάα.
420 2897 465 2959 cf.
489 2900 655 2973 praeterea
682 2898 824 2970 Φωκαεύς
849 2896 985 2976 Εὐβοεύς
1009 2899 1070 2957 etc.

192 2999 230 3057 ln
253 2998 359 3059 lonico
381 3000 518 3061 dialecto
540 3004 694 3077 perpetua
713 3003 780 3062 fere
803 3002 855 3061 est
872 3000 1059 3060 huiusmodi
1079 2995 1253 3070 correptio:
1277 2987 1422 3070 ὡρμέοτο,

149 3099 242 3175 daea,
275 3121 337 3172 -εος
360 3098 382 3171 ²)
417 3104 450 3163 et
483 3100 532 3162 -ἑᾶ
554 3099 576 3173 ³)
608 3105 641 3162 in
671 3103 903 3163 adiectivorum
933 3100 1093 3175 terminis,
1125 3094 1196 3157 -έαν
1219 3096 1254 3156 in
1277 3089 1419 3155 termino

150 3203 284 3276 genitivi
306 3203 450 3279 pluralia,
475 3207 552 3264 sunt
572 3205 737 3265 luculenta
759 3204 918 3278 exempla.

193 3306 242 3365 lix
276 3305 398 3366 Aeolica
431 3307 567 3368 dialecto
604 3308 744 3381 plurima
784 3306 934 3380 exempla
971 3306 1190 3379 correptarum
1228 3301 1263 3360 in
1301 3296 1421 3359 mediis

150 3408 316 3469 vocabulis
349 3409 618 3482 diphthongorum
653 3431 685 3467 αι
718 3429 743 3467 ει
777 3429 806 3467 οι
839 3409 970 3482 praebet
1003 3407 1040 3467 R.
1076 3404 1207 3466 Meister
1236 3399 1372 3462 Dialect.
1405 3398 1422 3460 Ι

150 3526 180 3585 p.
205 3511 248 3570 90
272 3527 319 3584 sq.

198 3613 242 3673 df.
267 3629 330 3673 von
354 3613 467 3674 Hartel
491 3614 577 3675 bom.
602 3614 735 3675 Studien
758 3614 805 3672 HI
828 3627 858 3687 p.
885 3613 924 3671 19
949 3625 1018 3684 sqq.

309 3805 392 3812 .-.—

187 3920 206 3986 1)
224 3926 283 3972 Sino
303 3925 380 3971 nimia
399 3927 485 3971 tamen
503 3925 609 3972 audacia
626 3925 704 3972 scribi
721 3927 808 3985 potest
824 3927 904 3983 λῆιστή
922 3929 937 3970 1
952 3923 1000 3970 408
1019 3934 1065 3982 pro
1079 3924 1163 3981 taturi,
1181 3920 1303 3982 quoniam
1318 3935 1357 3970 vs.
1371 3922 1422 3969 406

153 4005 283 4064 praecedit
299 4004 407 4065 pluralis
423 4007 512 4062 ληιστοί
530 4005 670 4050 molossum
688 4005 810 4051 efficiens.

186 4080 208 4147 ²)
225 4087 292 4146 fidem·
317 4082 410 4130 Herod.
437 4083 463 4128 H
488 4084 543 4142 168,
567 4087 649 4143 χὴιοος
671 4084 697 4130 Π
716 4084 756 4144 al,
780 4084 820 4143 68,
844 4081 961 4141 &nitidior
983 4081 1009 4127 H
1028 4082 1075 4128 174
1092 4080 1141 4127 VII
1158 4080 1198 4140 ⁶9,
1222 4080 1313 4135 tne'mc
1330 4080 1422 4130 11195

153 4164 173 4210 V
191 4166 231 4223 49,
248 4164 322 4216 τέλεος
339 4162 373 4208 VI
390 4164 429 4210 57.

188 4240 206 4299 ³)
224 4243 303 4304 βαθέα
321 4258 345 4288 τι
363 4245 401 4288 καὶ
422 4242 489 4307 εὐρέα
506 4241 599 4288 Herod.
618 4242 630 4287 1
649 4243 705 4303 lta,
723 4241 795 4289 δασέα
812 4241 852 4288 ΠΙ
870 4243 910 4302 32,
927 4241 1020 4306 βραχέα
1037 4241 1059 4289 V
1075 4240 1116 4302 49,
1133 4240 1222 4305 τρηχέα
1238 4239 1287 4288 vn
1304 4241 1345 4289 88.
