3120 5124
281 561 369 622 ἴθυσε
392 561 470 639 μάχη
493 560 608 621 πεδίοιο
633 564 657 620 Ζ
683 564 712 622 2.

281 661 342 741 τρὶς
365 659 487 722 ἕκαστον
512 660 602 723 ἀῦσαι
625 686 636 723 ι
661 665 703 724 65
728 663 923 737 (neglectum
947 666 999 724 est
1022 664 1209 737 digamma).

238 766 285 824 lix
315 766 356 824 iis
387 781 470 838 quae
501 766 712 840 exposuimus
744 772 877 840 apparet
907 765 1002 824 aliter
1024 765 1062 825 de
1086 766 1146 824 hac
1169 763 1300 823 licentia
1326 762 1466 823 metrica

193 883 265 928 esse
296 868 501 928 iudicandum
535 883 633 940 quam
664 868 741 927 fecit
771 867 947 927 Hoffmann
978 867 1108 942 Quaest.
1141 867 1236 926 Hom.
1269 880 1299 939 p.
1332 866 1374 925 25
1402 879 1464 938 sq.,

193 985 290 1042 quem
314 972 447 1029 secutus
470 968 578 1029 Monro
602 969 754 1028 Homeric
777 965 958 1028 Grammar¹
985 983 1014 1041 p.
1041 969 1102 1028 271
1125 982 1172 1040 sq.
1197 981 1366 1028 caesuram
1390 967 1466 1041 post

194 1072 345 1144 quartum
369 1072 559 1130 trochaeum
582 1085 771 1130 concessam
795 1085 867 1130 esse
895 1070 973 1129 dicit

243 1170 305 1247 ,1⁰)
329 1174 357 1233 si
381 1173 515 1234 accedat
539 1187 673 1232 caesura
696 1175 770 1246 post
792 1172 879 1232 arsin
903 1171 994 1245 pedis
1017 1171 1130 1246 quinti,
1156 1186 1183 1231 e.
1208 1184 1258 1243 g.:

308 1271 420 1350 ,solid
443 1267 472 1333 δ’
497 1267 541 1351 ἄρ’
567 1271 643 1333 ἔνθα
666 1269 717 1332 καὶ
739 1267 800 1332 ἔνθ’
828 1263 1038 1355 θθνσεΙΙμοὶχη
1060 1268 1064 1348 Ι
1084 1269 1198 1330 πεδίοιο
1222 1273 1258 1341 (Ζ
1283 1272 1332 1345 2);

242 1374 306 1453 ,2¹·)
329 1378 358 1436 si
381 1376 552 1451 praecedat
577 1391 639 1435 vox
662 1374 812 1436 enclitica
835 1374 963 1435 aliudve
987 1372 1259 1448 monosyllabum,
1284 1371 1388 1434 veluti
1410 1367 1466 1448 μέν

309 1479 385 1554 ,aut
407 1475 456 1553 aa
481 1495 508 1539 e.
523 1494 570 1551 με

310 1579 380 1656 ,nul
400 1601 451 1639 κεν
474 1574 548 1639 τοῦτ’
575 1576 706 1656 ἐθέλοιμι
730 1577 801 1650 Διός
823 1575 827 1655 Ι
847 1599 886 1658 με
906 1571 926 1663 ΙΙ
947 1577 1082 1649 διδόντος
1105 1574 1233 1653 ἀρέσθαι
1257 1581 1287 1646 (α
1312 1577 1407 1649 39Ο);

244 1682 305 1755 ,3⁰)
329 1682 357 1741 si
381 1684 477 1742 exeat
501 1697 615 1742 versus
638 1683 671 1741 in
700 1682 892 1742 vocabulum
917 1683 1057 1756 quinque
1080 1679 1298 1754 syllabarum;
1324 1693 1352 1738 e.
1376 1692 1424 1750 g.:

310 1781 421 1861 ,adrico
445 1778 462 1843 ὃ
486 1790 597 1860 μοῦνος
622 1780 675 1860 ἔην
698 1781 769 1860 μετὰ
791 1776 909 1868 πέντεΙΙ
922 1782 1115 1866 κασιγνήτῃσι
1150 1784 1189 1853 (Κ
1214 1783 1306 1853 317);

200 1885 386 1959 ,rarissima
409 1886 520 1945 autem
544 1886 595 1945 est
617 1884 673 1945 illa
696 1887 879 1947 hexametri
901 1888 1006 1948 forma
1029 1899 1128 1958 quam
1151 1884 1247 1944 tertio
1272 1882 1342 1942 loco
1362 1881 1467 1957 posui·

199 2001 304 2060 ,mus,
328 1985 413 2045 haud
436 1986 655 2059 infrequentes
680 2002 754 2047 vero
778 1990 855 2047 sunt
878 2004 993 2049 versus
1017 1988 1071 2060 qui
1095 1986 1128 2046 et
1150 1985 1273 2058 primae
1298 1984 1332 2042 et
1355 1998 1468 2043 secun·

200 2087 277 2161 ,dae
301 2087 482 2160 categoriae
506 2089 583 2147 sunt
606 2090 813 2163 accensendi;
840 2106 867 2150 e.
892 2106 941 2164 g.:

310 2182 439 2265 ,Θερσῖτ’
466 2184 659 2265 ἀκριτόμυθε,
681 2190 764 2269 λιγύς
785 2188 790 2268 Ι
809 2211 879 2268 περ
892 2183 911 2275 ΙΙ
926 2189 982 2252 ἐὼν
1003 2187 1008 2268 Ι
1028 2186 1175 2269 ἀγορητής
1211 2189 1247 2258 (Β
1271 2189 1379 2256 246)·”

240 2288 367 2349 Nullius
400 2291 493 2364 pretii
528 2292 588 2350 hae
619 2294 697 2351 sunt
725 2293 813 2365 leges
838 2290 877 2368 ¹),
910 2294 1051 2354 vidimus
1081 2291 1169 2352 enim
1196 2304 1368 2350 caesuram
1392 2290 1468 2363 post

198 2392 350 2462 quartum
374 2392 562 2451 trochaeum
588 2393 702 2452 multis
724 2394 804 2453 locis
827 2395 933 2468 specie
958 2396 1087 2454 tantum
1113 2394 1235 2466 extare,
1260 2406 1324 2451 non
1347 2390 1470 2464 percipi

197 2491 339 2567 auribus,
364 2493 482 2552 ceteris
505 2495 617 2553 autem
642 2494 795 2555 vitiosam
819 2511 902 2557 esse.

240 2669 285 2728 Ut
315 2671 389 2743 post
418 2674 578 2746 quartum,
610 2672 656 2732 ita
679 2673 780 2733 etiam
803 2677 877 2749 post
894 2675 1040 2750 primum
1064 2674 1222 2748 dactylum
1245 2671 1394 2744 legitima
1418 2672 1472 2730 est

199 2785 313 2830 versus
335 2771 453 2830 heroici
476 2787 595 2848 pausa;
621 2789 648 2834 e.
674 2789 722 2848 με

286 2861 326 2941 ὧς
346 2862 477 2954 ’petrau
491 2871 663 2951 Πάτροκλος
687 2870 719 2934 di
743 2876 820 2960 φίλῳ
845 2871 1012 2938 ἐπεπείθεθ’
1040 2874 1152 2959 ἑταίρῳ.
1189 2880 1218 2934 Α
1244 2878 1318 2936 345.

239 2972 309 3033 Hac
338 2988 463 3046 quoque
494 2976 570 3035 sede
601 2977 784 3038 hexametri
814 2979 951 3039 libenter
982 2978 1181 3051 requievisse
1208 2982 1321 3050 poetas
1351 2976 1472 3052 epicos,

194 3090 258 3134 non
292 3077 343 3133 est
377 3077 460 3148 quod
492 3078 665 3150 miremur;
698 3093 776 3138 nam
806 3082 995 3154 antiquitus,
1028 3095 1104 3140 cum
1135 3080 1278 3139 nondum
1305 3079 1470 3138 inunum

196 3190 327 3235 versum
350 3178 547 3238 coaluissent
570 3179 636 3238 bini
661 3181 812 3240 versiculi
835 3182 1031 3256 paroemiaci
1054 3180 1138 3241 unde
1163 3181 1354 3241 hexameter
1373 3179 1469 3252 origi·

195 3292 269 3337 nem
301 3278 404 3353 duxit,
435 3281 530 3353 primi
561 3282 652 3354 pedis
684 3283 797 3343 eadem
826 3286 897 3343 erat
918 3284 1001 3344 ratio
1025 3286 1122 3355 atque
1146 3284 1262 3355 quarti.
1289 3282 1327 3342 in
1353 3280 1470 3342 carmi·

195 3377 289 3438 nibus
325 3381 436 3440 tamen
466 3382 648 3443 Homericis
680 3385 783 3444 multo
816 3385 949 3446 minoris
981 3384 1140 3445 momenti
1171 3387 1222 3442 est
1253 3397 1356 3458 pausa
1388 3396 1474 3455 quae

195 3479 232 3539 iit
262 3483 334 3553 post
365 3482 507 3555 primum
537 3484 704 3558 dactylum
735 3502 834 3559 quarn
866 3487 1021 3548 diaeresis
1048 3486 1210 3558 bucolica;
1238 3484 1301 3543 vid.
1327 3483 1469 3556 quaein

194 3583 212 3650 5
239 3583 278 3641 15
302 3582 341 3642 de
363 3583 454 3643 hiatu
478 3588 556 3645 sunt
580 3588 761 3649 observata.

239 3759 330 3820 Aliae
364 3760 452 3834 leges
482 3765 652 3841 quaedam,
685 3767 802 3839 quibus
834 3767 958 3840 epicam
994 3766 1105 3839 poesin
1136 3763 1326 3824 obstrictam
1364 3763 1471 3822 teneri

195 3862 325 3922 fuerunt
356 3864 410 3936 qui
441 3867 679 3942 contenderent,
712 3868 792 3942 ipsis
822 3868 1019 3928 carminibus
1042 3883 1105 3928 non
1130 3865 1389 3939 comprobantur.
1418 3863 1472 3924 Sic

229 4055 247 4121 ¹)
265 4059 295 4105 In
318 4059 399 4106 altera
414 4073 476 4107 snas
494 4064 676 4120 grammaticas
695 4064 815 4121 editione,
833 4078 899 4111 anno
919 4067 980 4111 1891
1007 4064 1150 4123 evulgatae,
1166 4063 1205 4109 vir
1223 4061 1247 4107 d.
1264 4061 1355 4108 Monro
1373 4074 1398 4120 p.
1421 4062 1470 4109 340

195 4153 260 4199 quae
286 4139 318 4186 de
342 4140 434 4187 vitiosa
458 4144 542 4200 quarti
567 4141 640 4202 pedis
664 4157 770 4190 caesura
788 4143 814 4190 in
835 4143 968 4203 prosodosi
990 4145 1129 4204 scripserat
1146 4143 1246 4189 tautum
1265 4153 1315 4187 non
1331 4140 1470 4188 immutata

193 4219 322 4278 repetivit,
343 4220 413 4266 nulla
430 4222 559 4268 mentione
574 4223 642 4269 sacta
658 4223 840 4282 disputationis
854 4236 904 4283 qna
920 4223 984 4270 haec
999 4224 1083 4270 omnia
1098 4222 1288 4269 demonstrasse
1304 4221 1368 4268 mihi
1384 4220 1473 4267 videor

194 4295 221 4343 in
239 4299 403 4358 Mnemosyne
422 4302 481 4346 anni
500 4303 572 4348 1890.
591 4303 672 4358 Quem
692 4315 750 4348 cnm
769 4302 830 4349 alibi
848 4315 964 4349 meorum
989 4303 1151 4349 conaminum
1166 4303 1270 4363 saepius
1284 4303 1408 4362 expertus
1426 4300 1474 4347 sim

194 4378 383 4425 aestimatorem
407 4393 517 4441 aequum
537 4387 614 4442 atque
641 4383 803 4438 benevolum,
822 4396 872 4429 non
891 4396 996 4442 possum
1016 4395 1065 4427 non
1086 4383 1211 4440 suspicari
1228 4382 1298 4428 illam
1317 4382 1473 4428 commenta·

195 4459 290 4505 tionem
307 4458 340 4504 ad
357 4459 411 4505 eins
428 4462 544 4509 notitiam
561 4477 610 4509 non
620 4464 777 4523 pervenisse,
787 4476 915 4522 speroque
933 4463 987 4508 iore
1003 4465 1032 4508 ut
1047 4463 1073 4507 in
1088 4465 1220 4521 posterum
1237 4463 1306 4507 certe
1322 4461 1346 4507 si
1364 4460 1473 4520 aliisque

198 4538 375 4599 persuadeam.
