3120 5124
741 404 824 449 XXXI

145 577 197 650 qui
232 577 280 636 sic
312 579 443 639 statuit:
481 578 659 652 „Doloneae
683 580 794 638 auctor
827 578 975 651 cognovit
1008 577 1220 651 Odysseam”.
1253 578 1318 640 Nec
1352 595 1416 641 non

146 679 256 740 Glauci
285 694 360 740 cum
383 680 537 740 Diomede
569 679 775 755 colloquium,
806 678 890 752 quod
913 694 999 738 nunc
1022 679 1055 738 in
1078 678 1158 740 libro
1183 682 1208 737 Z
1235 683 1337 754 extat,
1361 682 1415 742 ali-

144 782 228 841 unde
261 781 451 841 desumtum
482 781 664 841 iudicarunt
694 783 821 841 veteres
852 780 1069 855 grammatici,
1101 782 1135 840 et
1165 783 1252 842 recte
1272 783 1414 856 prolecto

144 883 336 943 iudicarunt.

186 984 331 1056 Denique
365 984 398 1042 in
432 983 566 1044 Iliadem
597 985 721 1044 sensim
752 985 950 1058 irrepserunt
980 998 1095 1043 versus
1125 985 1226 1058 spurii
1258 986 1344 1047 haud
1368 988 1414 1047 ita

143 1085 246 1159 pauci,
279 1098 360 1157 quos
389 1086 485 1145 natos
515 1099 588 1145 esse
618 1083 740 1144 duma
764 1085 902 1159 posteris
927 1099 1003 1159 epos
1027 1085 1224 1146 recitabatur
1246 1087 1340 1148 facile
1363 1103 1415 1149 no·

141 1186 191 1246 bis
217 1186 468 1261 persuademus;
494 1201 521 1246 e.
539 1200 569 1259 g.
595 1200 678 1258 quae
707 1185 746 1246 de
774 1185 922 1246 Hectoris
947 1186 1111 1260 quadrigis
1134 1186 1273 1262 legimus
1301 1188 1326 1248 Θ
1352 1189 1414 1250 186

140 1304 209 1362 sqq.
236 1287 287 1348 vel
312 1287 350 1348 de
374 1289 523 1362 serpente
548 1287 572 1344 Β
595 1287 670 1362 319,
697 1286 747 1347 vel
771 1302 904 1347 versum
930 1286 956 1346 Θ
980 1288 1044 1347 528

411 1385 531 1462 ἐξελάαν
556 1384 679 1447 ἐνθένδε
702 1386 796 1459 κύνας
819 1387 939 1466 κήρεοσι
963 1387 1124 1467 propatoris,

142 1492 174 1550 id
198 1493 250 1551 est
270 1491 336 1565 fato
358 1491 522 1567 abreptos,
540 1491 688 1567 perditor,
713 1490 794 1551 false
817 1490 864 1550 ita
887 1490 1103 1565 explicatum:

414 1590 478 1664 [οὓς
502 1600 589 1672 κῆρες
612 1589 756 1671 φορέουσι
779 1591 947 1669 μελαινάων
971 1589 1033 1652 ἐπὶ
1057 1596 1161 1671 νηῶν].

143 1694 236 1754 Talia
258 1694 329 1756 dico
353 1710 435 1769 quae
466 1710 541 1756 cum
564 1696 711 1769 proximo
733 1696 889 1755 contextu
913 1697 971 1754 aut
993 1709 1069 1755 cum
1092 1694 1243 1756 interiore
1266 1696 1416 1758 dictionis

142 1797 253 1871 opicae
278 1797 427 1869 vitaeque
449 1798 596 1858 heroicae
619 1798 750 1858 notione
774 1797 936 1858 conciliari
960 1799 1132 1871 nequeant.
1156 1797 1222 1858 Neo
1244 1813 1310 1860 non
1328 1800 1415 1860 simi·

142 1897 210 1958 lem
245 1898 403 1972 originem
433 1900 553 1959 habent
582 1899 653 1975 loci,
691 1900 747 1960 ubi
778 1899 827 1960 bis
857 1900 943 1960 idem
968 1899 1084 1960 dicitm
1107 1899 1231 1960 duasve
1254 1915 1415 1976 compara·

141 2000 249 2059 dones
285 2000 397 2061 eodem
432 2001 602 2061 tendentes
645 2002 794 2076 deinceps
829 2002 907 2061 sunt
940 2000 1132 2062 collocatae:
1169 2002 1193 2057 Β
1229 2003 1415 2079 dell—473,

143 2105 174 2157 A
199 2102 386 2178 sla-non,
413 2103 439 2161 0
463 2103 648 2179 618-629,
676 2105 703 2161 Τ
723 2103 909 2177 374-379,
938 2103 1170 2163 ‘1‘490-508.

693 2281 882 2289 -Μ

189 2406 354 2480 Odysseae
377 2407 503 2468 similes
526 2410 622 2483 atque
646 2407 756 2468 iliadis
787 2407 876 2468 luere
899 2407 1035 2468 natales.
1060 2407 1158 2467 Cuius
1180 2408 1334 2467 carminis
1357 2409 1415 2482 pri·

143 2509 286 2567 marium
317 2511 545 2582 argumentum
580 2510 642 2570 fuit
675 2509 783 2570 Ulixis
812 2510 845 2568 in
875 2509 1013 2584 patriam
1038 2509 1160 2569 reditus
1190 2511 1264 2583 post
1287 2509 1416 2570 Troiam

142 2609 295 2670 dirutam.
320 2610 369 2670 Ex
393 2627 430 2672 eo
453 2611 551 2685 igitur
575 2612 756 2672 carminum
788 2626 904 2685 genere
927 2611 989 2671 iuit
1012 2611 1096 2684 quod
1119 2611 1151 2670 iu
1176 2611 1248 2686 ipsa
1271 2611 1416 2686 Odyssea

143 2714 419 2772 commemoratur
449 2735 468 2770 α
493 2715 568 2788 326,
592 2714 647 2772 ubi
671 2713 824 2773 Phemius
846 2712 1010 2772 inducitur
1032 2716 1153 2789 Ἀχαιῶν
1178 2711 1282 2772 νόστον
1305 2711 1415 2792 λυγρὸν

142 2815 288 2874 cantans.
311 2813 515 2888 compositus
536 2817 647 2875 autern
672 2816 823 2875 vetustus
847 2812 901 2873 ille
921 2807 1065 2889 Ὀδυσῆος
1088 2810 1192 2883 νόστος
1216 2816 1286 2874 erat
1309 2829 1349 2874 ex
1374 2814 1415 2874 iis

142 2913 207 2974 lere
242 2929 326 2988 quae
359 2931 445 2976 nunc
478 2917 628 2990 leguntur
662 2917 695 2976 in
726 2915 816 2975 libris
851 2937 870 2973 α
905 2930 953 2974 vs.
992 2915 1109 2989 1-87,
1141 2935 1164 2990 ε,
1194 2914 1218 2989 ζ,
1248 2936 1277 2991 η,
1307 2936 1328 2989 ι,
1350 2918 1416 2990 λ,ν

145 3030 192 3075 vs.
221 3018 360 3077 1-184.

188 3117 306 3179 Postea
330 3118 565 3194 amplificatum
593 3123 645 3180 est
667 3120 726 3180 hoc
750 3134 830 3193 opus
853 3133 936 3178 novo
960 3117 1083 3178 adscito
1106 3119 1308 3194 argumento,
1332 3118 1416 3191 quod

147 3221 198 3278 est
232 3219 271 3279 de
305 3220 427 3280 ultione
461 3236 560 3294 quam
594 3221 709 3282 Ulixes
744 3221 776 3280 iu
806 3221 945 3295 patriam
978 3218 1079 3278 redux
1110 3218 1232 3278 sumsit
1262 3234 1281 3279 a
1312 3219 1416 3293 procis

148 3335 285 3380 uxorem
314 3337 410 3381 suam
440 3323 623 3396 petentibus
647 3316 677 3392 ¹).
703 3321 791 3382 Haec
821 3320 901 3392 Τίσις
932 3321 1113 3381 continetur
1135 3319 1225 3380 libris
1244 3342 1261 3377 ν
1283 3335 1330 3379 vs.
1355 3320 1416 3380 185

147 3437 228 3498 sqq,
242 3425 349 3498 ξ,π-
363 3437 388 3498 ψ
400 3439 449 3485 vs.
460 3425 533 3485 296.
559 3424 707 3498 Mythum
729 3425 841 3483 autern
860 3422 1063 3482 substratum
1083 3436 1156 3481 esse
1175 3422 1413 3498 perantiquum,

147 3525 240 3584 cuius
275 3540 351 3585 vera
384 3525 575 3600 significatio
605 3527 692 3600 ipsos
728 3531 819 3585 vates
858 3524 912 3598 qui
946 3523 1053 3583 Ulixis
1084 3537 1208 3583 errores
1234 3522 1418 3585 cecinerunt

143 3627 215 3686 sine
238 3625 333 3686 dubio
356 3626 461 3701 latuit,
484 3627 716 3688 intellexerunt
743 3627 803 3686 viri
829 3626 914 3686 docti
937 3625 1052 3684 harum
1077 3640 1186 3684 rerum
1215 3625 1342 3699 curiosi,
1362 3625 1416 3697 qui

142 3730 238 3788 acute
268 3727 532 3789 demonstrarunt
562 3729 741 3804 Penelopen
772 3728 872 3788 telam
896 3727 1064 3786 texentem
1092 3728 1190 3798 atque
1213 3725 1416 3784 retexentem

143 3844 377 3904 procerumque
419 3834 549 3890 caterva
591 3830 826 3891 circumdatam
867 3829 1018 3904 primitus
1053 3827 1155 3886 fuisse
1192 3826 1287 3886 lunae
1323 3825 1417 3886 modo

143 3931 321 3992 crescentis
345 3932 439 3992 modo
461 3933 677 3993 decrescentis
700 3933 921 4005 sideribusque
950 3931 1089 4005 stipatae
1113 3929 1299 4003 imaginem,
1324 3929 1417 3988 mari·

145 4036 216 4092 tum
238 4035 348 4094 autem
370 4034 450 4108 eius,
471 4035 526 4107 qui
539 4036 710 4107 postquam
726 4034 759 4093 in
771 4033 945 4107 longinqua
957 4031 1064 4091 insula
1077 4031 1159 4106 apud
1172 4030 1266 4090 deam
1281 4028 1418 4104 Calypso

144 4134 321 4203 (Ueientem)
346 4134 489 4195 latitavit
511 4138 544 4195 et
566 4137 734 4196 obscuram
759 4136 934 4195 inferorum
960 4133 1123 4207 regionem
1144 4145 1336 4205 permensus
1356 4132 1417 4205 est,

143 4253 184 4298 ex
210 4238 333 4297 oriente
357 4237 407 4306 (ci.
433 4260 452 4312 μ
478 4240 496 4297 3
520 4243 599 4311 sqq.)
624 4238 663 4298 ad
687 4252 821 4297 uxorem
848 4236 931 4296 redit
953 4236 1004 4296 die
1023 4233 1187 4293 interlunii
1208 4233 1334 4309 (1307),
1355 4247 1417 4305 quo

274 4388 337 4395 ..ω-

176 4485 197 4550 ¹)
215 4487 338 4534 Molestus
364 4488 422 4537 illos
446 4489 589 4548 Penelopes
615 4501 705 4548 procos
727 4486 810 4547 primo
835 4492 877 4531 roo
895 4487 988 4530 Νόστων
1008 4480 1106 4526 auctori
1126 4477 1241 4536 cognitos
1259 4478 1338 4524 inisse
1355 4489 1416 4523 nua-

141 4580 224 4628 qnam
243 4569 359 4626 apparat.
