<?xml version="1.0" encoding="UTF-8"?>
<!DOCTYPE html PUBLIC "-//W3C//DTD XHTML 1.0 Transitional//EN"
    "http://www.w3.org/TR/xhtml1/DTD/xhtml1-transitional.dtd">
<html xmlns="http://www.w3.org/1999/xhtml" xml:lang="en" lang="en">
 <head>
  <title>
</title>
<meta http-equiv="Content-Type" content="text/html;charset=utf-8" />
  <meta name='ocr-system' content='tesseract 3.04.00' />
  <meta name='ocr-capabilities' content='ocr_page ocr_carea ocr_par ocr_line ocrx_word'/>
</head>
<body>
  <div class='ocr_page' id='page_1' title='image "./enchiridiumdict00leeugoog/enchiridiumdict00leeugoog_0643.png"; bbox 0 0 3120 5124; ppageno 0'>
   <div class='ocr_carea' id='block_1_1' title="bbox 141 434 811 505">
    <p class='ocr_par' dir='ltr' id='par_1_1' title="bbox 141 434 811 505">
     <span class='ocr_line' id='line_1_1' title="bbox 141 434 811 505; baseline 0.001 -11"><span class='ocrx_word' id='word_1_1' title='bbox 141 434 158 503; x_wconf 67' lang='grc'>9</span> <span class='ocrx_word' id='word_1_2' title='bbox 181 435 257 505; x_wconf 84' lang='grc'>316]</span> <span class='ocrx_word' id='word_1_3' title='bbox 747 436 811 495; x_wconf 80' lang='grc'>539</span> 
     </span>
    </p>
   </div>
   <div class='ocr_carea' id='block_1_2' title="bbox 139 615 1503 4052">
    <p class='ocr_par' dir='ltr' id='par_1_2' title="bbox 561 615 1413 701">
     <span class='ocr_line' id='line_1_2' title="bbox 561 615 1413 701; baseline -0.004 -20"><span class='ocrx_word' id='word_1_4' title='bbox 561 615 616 699; x_wconf 77' lang='grc' dir='ltr'><strong><em>μετ’</em></strong></span> <span class='ocrx_word' id='word_1_5' title='bbox 642 620 721 701; x_wconf 75' lang='grc' dir='ltr'><strong><em>ἴχνια</em></strong></span> <span class='ocrx_word' id='word_1_6' title='bbox 740 616 839 701; x_wconf 77' lang='grc' dir='ltr'><strong><em>’βαῖνε</em></strong></span> <span class='ocrx_word' id='word_1_7' title='bbox 860 624 946 682; x_wconf 79' lang='grc' dir='ltr'><em>θεοῖο</em></span> <span class='ocrx_word' id='word_1_8' title='bbox 1292 619 1313 696; x_wconf 82' lang='grc' dir='ltr'><em>β</em></span> <span class='ocrx_word' id='word_1_9' title='bbox 1337 618 1413 680; x_wconf 85' lang='lat'>406.</span> 
     </span>
    </p>

    <p class='ocr_par' dir='ltr' id='par_1_3' title="bbox 139 719 1417 1901">
     <span class='ocr_line' id='line_1_3' title="bbox 183 719 1411 799; baseline 0 -18"><span class='ocrx_word' id='word_1_10' title='bbox 183 719 268 782; x_wconf 86' lang='lat' dir='ltr'>Hinc</span> <span class='ocrx_word' id='word_1_11' title='bbox 300 720 506 796; x_wconf 76' lang='lat' dir='ltr'>tutaequendi</span> <span class='ocrx_word' id='word_1_12' title='bbox 533 723 623 784; x_wconf 91' lang='lat' dir='ltr'>notio</span> <span class='ocrx_word' id='word_1_13' title='bbox 652 723 823 799; x_wconf 86' lang='lat' dir='ltr'>profluxit;</span> <span class='ocrx_word' id='word_1_14' title='bbox 846 722 950 784; x_wconf 90' lang='lat' dir='ltr'>multo</span> <span class='ocrx_word' id='word_1_15' title='bbox 974 723 1085 782; x_wconf 87' lang='lat' dir='ltr'>tamen</span> <span class='ocrx_word' id='word_1_16' title='bbox 1109 721 1216 782; x_wconf 92' lang='lat' dir='ltr'>rarius</span> <span class='ocrx_word' id='word_1_17' title='bbox 1239 721 1273 780; x_wconf 94' lang='lat' dir='ltr'>in</span> <span class='ocrx_word' id='word_1_18' title='bbox 1295 720 1411 781; x_wconf 89' lang='lat' dir='ltr'>Home·</span> 
     </span>
     <span class='ocr_line' id='line_1_4' title="bbox 139 822 1412 903; baseline 0 -21"><span class='ocrx_word' id='word_1_19' title='bbox 139 822 216 884; x_wconf 88' lang='lat' dir='ltr'>ricis</span> <span class='ocrx_word' id='word_1_20' title='bbox 237 838 338 897; x_wconf 89' lang='lat' dir='ltr'>quam</span> <span class='ocrx_word' id='word_1_21' title='bbox 358 825 441 899; x_wconf 89' lang='lat' dir='ltr'>apud</span> <span class='ocrx_word' id='word_1_22' title='bbox 461 824 656 886; x_wconf 76' lang='lat' dir='ltr'>recentiores</span> <span class='ocrx_word' id='word_1_23' title='bbox 680 824 751 903; x_wconf 78' lang='grc' dir='ltr'>μετά</span> <span class='ocrx_word' id='word_1_24' title='bbox 768 826 961 887; x_wconf 86' lang='lat' dir='ltr'>vertendum</span> <span class='ocrx_word' id='word_1_25' title='bbox 985 826 1142 899; x_wconf 83' lang='grc'>6616666,</span> <span class='ocrx_word' id='word_1_26' title='bbox 1166 824 1192 882; x_wconf 90' lang='grc' dir='ltr'><strong><em>Β</em></strong></span> <span class='ocrx_word' id='word_1_27' title='bbox 1212 823 1276 884; x_wconf 89' lang='grc'>674</span> <span class='ocrx_word' id='word_1_28' title='bbox 1299 822 1332 880; x_wconf 90' lang='lat' dir='ltr'><strong><em>N</em></strong></span> <span class='ocrx_word' id='word_1_29' title='bbox 1348 823 1412 882; x_wconf 85' lang='grc'>492</span> 
     </span>
     <span class='ocr_line' id='line_1_5' title="bbox 140 923 1414 1003; baseline -0.001 -18"><span class='ocrx_word' id='word_1_30' title='bbox 140 925 221 999; x_wconf 84' lang='grc'>616.;</span> <span class='ocrx_word' id='word_1_31' title='bbox 254 925 310 985; x_wconf 83' lang='lat' dir='ltr'>vix</span> <span class='ocrx_word' id='word_1_32' title='bbox 333 925 420 987; x_wconf 89' lang='lat' dir='ltr'>ullus</span> <span class='ocrx_word' id='word_1_33' title='bbox 442 928 554 988; x_wconf 89' lang='lat' dir='ltr'>autem</span> <span class='ocrx_word' id='word_1_34' title='bbox 577 928 670 988; x_wconf 87' lang='lat' dir='ltr'>extat</span> <span class='ocrx_word' id='word_1_35' title='bbox 699 928 790 990; x_wconf 88' lang='lat' dir='ltr'>iocus</span> <span class='ocrx_word' id='word_1_36' title='bbox 814 928 935 1003; x_wconf 84' lang='lat' dir='ltr'>epicos,</span> <span class='ocrx_word' id='word_1_37' title='bbox 959 926 1014 987; x_wconf 89' lang='lat' dir='ltr'>ubi</span> <span class='ocrx_word' id='word_1_38' title='bbox 1038 926 1077 987; x_wconf 92' lang='lat' dir='ltr'>de</span> <span class='ocrx_word' id='word_1_39' title='bbox 1100 929 1233 1000; x_wconf 81' lang='lat' dir='ltr'>tempore</span> <span class='ocrx_word' id='word_1_40' title='bbox 1256 925 1301 984; x_wconf 90' lang='lat' dir='ltr'>sit</span> <span class='ocrx_word' id='word_1_41' title='bbox 1322 923 1414 984; x_wconf 88' lang='lat' dir='ltr'>intel·</span> 
     </span>
     <span class='ocr_line' id='line_1_6' title="bbox 140 1022 1414 1107; baseline 0 -22"><span class='ocrx_word' id='word_1_42' title='bbox 140 1025 331 1101; x_wconf 66' lang='lat' dir='ltr'>legendum</span> <span class='ocrx_word' id='word_1_43' title='bbox 354 1043 382 1088; x_wconf 90' lang='lat' dir='ltr'>e.</span> <span class='ocrx_word' id='word_1_44' title='bbox 406 1041 437 1102; x_wconf 77' lang='lat' dir='ltr'>g.</span> <span class='ocrx_word' id='word_1_45' title='bbox 465 1030 501 1086; x_wconf 80' lang='grc' dir='ltr'>Ψ</span> <span class='ocrx_word' id='word_1_46' title='bbox 520 1029 583 1088; x_wconf 87' lang='grc'>354</span> <span class='ocrx_word' id='word_1_47' title='bbox 608 1025 680 1105; x_wconf 72' lang='grc' dir='ltr'>μετὰ</span> <span class='ocrx_word' id='word_1_48' title='bbox 701 1026 753 1089; x_wconf 73' lang='grc' dir='ltr'>τὸν</span> <span class='ocrx_word' id='word_1_49' title='bbox 778 1022 809 1088; x_wconf 85' lang='grc' dir='ltr'>δ’</span> <span class='ocrx_word' id='word_1_50' title='bbox 836 1026 917 1107; x_wconf 74' lang='grc' dir='ltr'><strong><em>ἔλαχε</em></strong></span> <span class='ocrx_word' id='word_1_51' title='bbox 939 1043 1004 1089; x_wconf 91' lang='grc'>666</span> <span class='ocrx_word' id='word_1_52' title='bbox 1023 1026 1186 1101; x_wconf 80' lang='lat' dir='ltr'>significat</span> <span class='ocrx_word' id='word_1_53' title='bbox 1205 1029 1338 1101; x_wconf 79' lang='lat' dir='ltr'>tempore</span> <span class='ocrx_word' id='word_1_54' title='bbox 1357 1025 1414 1086; x_wconf 87' lang='lat' dir='ltr'>sed</span> 
     </span>
     <span class='ocr_line' id='line_1_7' title="bbox 140 1125 1413 1206; baseline -0.001 -19"><span class='ocrx_word' id='word_1_55' title='bbox 140 1127 249 1188; x_wconf 78' lang='lat' dir='ltr'>ordino</span> <span class='ocrx_word' id='word_1_56' title='bbox 279 1142 356 1188; x_wconf 90' lang='lat' dir='ltr'>eum</span> <span class='ocrx_word' id='word_1_57' title='bbox 384 1129 598 1190; x_wconf 90' lang='lat' dir='ltr'>subsecutum</span> <span class='ocrx_word' id='word_1_58' title='bbox 626 1145 717 1206; x_wconf 89' lang='lat' dir='ltr'>esse;</span> <span class='ocrx_word' id='word_1_59' title='bbox 746 1132 781 1190; x_wconf 82' lang='grc' dir='ltr'>Ψ</span> <span class='ocrx_word' id='word_1_60' title='bbox 808 1131 871 1192; x_wconf 90' lang='grc'>226</span> <span class='ocrx_word' id='word_1_61' title='bbox 895 1131 1021 1191; x_wconf 82' lang='lat' dir='ltr'>Aurora</span> <span class='ocrx_word' id='word_1_62' title='bbox 1044 1125 1115 1206; x_wconf 76' lang='grc' dir='ltr'>μετὰ</span> <span class='ocrx_word' id='word_1_63' title='bbox 1139 1128 1323 1188; x_wconf 88' lang='lat' dir='ltr'>Luciferum</span> <span class='ocrx_word' id='word_1_64' title='bbox 1346 1141 1413 1187; x_wconf 88' lang='lat' dir='ltr'>sur-</span> 
     </span>
     <span class='ocr_line' id='line_1_8' title="bbox 140 1229 1415 1306; baseline -0.001 -18"><span class='ocrx_word' id='word_1_65' title='bbox 140 1243 217 1303; x_wconf 77' lang='lat' dir='ltr'>gere</span> <span class='ocrx_word' id='word_1_66' title='bbox 240 1243 316 1289; x_wconf 90' lang='lat' dir='ltr'>oum</span> <span class='ocrx_word' id='word_1_67' title='bbox 339 1229 466 1306; x_wconf 89' lang='lat' dir='ltr'>dicitur,</span> <span class='ocrx_word' id='word_1_68' title='bbox 490 1245 546 1305; x_wconf 90' lang='lat' dir='ltr'>per</span> <span class='ocrx_word' id='word_1_69' title='bbox 568 1231 694 1292; x_wconf 89' lang='lat' dir='ltr'>coelum</span> <span class='ocrx_word' id='word_1_70' title='bbox 718 1246 795 1293; x_wconf 92' lang='lat' dir='ltr'>enm</span> <span class='ocrx_word' id='word_1_71' title='bbox 814 1232 907 1305; x_wconf 90' lang='lat' dir='ltr'>sequi</span> <span class='ocrx_word' id='word_1_72' title='bbox 931 1230 1102 1305; x_wconf 78' lang='lat' dir='ltr'>cogitanda</span> <span class='ocrx_word' id='word_1_73' title='bbox 1122 1231 1173 1290; x_wconf 91' lang='lat' dir='ltr'>est</span> <span class='ocrx_word' id='word_1_74' title='bbox 1190 1229 1299 1303; x_wconf 91' lang='lat' dir='ltr'>potius</span> <span class='ocrx_word' id='word_1_75' title='bbox 1316 1242 1415 1301; x_wconf 91' lang='lat' dir='ltr'>quam</span> 
     </span>
     <span class='ocr_line' id='line_1_9' title="bbox 140 1330 1415 1405; baseline 0 -15"><span class='ocrx_word' id='word_1_76' title='bbox 140 1333 216 1405; x_wconf 90' lang='lat' dir='ltr'>post</span> <span class='ocrx_word' id='word_1_77' title='bbox 234 1344 311 1391; x_wconf 90' lang='lat' dir='ltr'>eum</span> <span class='ocrx_word' id='word_1_78' title='bbox 331 1331 434 1392; x_wconf 90' lang='lat' dir='ltr'>oculis</span> <span class='ocrx_word' id='word_1_79' title='bbox 453 1333 642 1393; x_wconf 81' lang='lat' dir='ltr'><strong>mortalium</strong></span> <span class='ocrx_word' id='word_1_80' title='bbox 661 1348 698 1394; x_wconf 88' lang='lat' dir='ltr'>se</span> <span class='ocrx_word' id='word_1_81' title='bbox 720 1334 898 1395; x_wconf 85' lang='lat' dir='ltr'>ostendere.</span> <span class='ocrx_word' id='word_1_82' title='bbox 924 1333 986 1395; x_wconf 88' lang='lat' dir='ltr'>Sed</span> <span class='ocrx_word' id='word_1_83' title='bbox 1008 1347 1105 1393; x_wconf 90' lang='lat' dir='ltr'>nemo</span> <span class='ocrx_word' id='word_1_84' title='bbox 1117 1346 1181 1392; x_wconf 94' lang='lat' dir='ltr'>non</span> <span class='ocrx_word' id='word_1_85' title='bbox 1202 1331 1302 1391; x_wconf 79' lang='lat' dir='ltr'>sentit</span> <span class='ocrx_word' id='word_1_86' title='bbox 1330 1330 1415 1391; x_wconf 84' lang='lat' dir='ltr'>iacil-</span> 
     </span>
     <span class='ocr_line' id='line_1_10' title="bbox 140 1431 1416 1508; baseline 0.002 -17"><span class='ocrx_word' id='word_1_87' title='bbox 140 1431 259 1492; x_wconf 90' lang='lat' dir='ltr'>iimum</span> <span class='ocrx_word' id='word_1_88' title='bbox 293 1432 369 1494; x_wconf 90' lang='lat' dir='ltr'>hinc</span> <span class='ocrx_word' id='word_1_89' title='bbox 399 1432 501 1495; x_wconf 85' lang='lat' dir='ltr'>inisse</span> <span class='ocrx_word' id='word_1_90' title='bbox 531 1435 706 1496; x_wconf 89' lang='lat' dir='ltr'>transitum</span> <span class='ocrx_word' id='word_1_91' title='bbox 739 1436 780 1496; x_wconf 91' lang='lat' dir='ltr'>ad</span> <span class='ocrx_word' id='word_1_92' title='bbox 811 1435 977 1496; x_wconf 90' lang='lat' dir='ltr'>notionem</span> <span class='ocrx_word' id='word_1_93' title='bbox 1004 1449 1080 1495; x_wconf 85' lang='lat' dir='ltr'>vere</span> <span class='ocrx_word' id='word_1_94' title='bbox 1103 1433 1327 1508; x_wconf 83' lang='lat' dir='ltr'>temporalem,</span> <span class='ocrx_word' id='word_1_95' title='bbox 1351 1446 1416 1506; x_wconf 93' lang='lat' dir='ltr'>qua</span> 
     </span>
     <span class='ocr_line' id='line_1_11' title="bbox 142 1533 1416 1615; baseline -0.001 -21"><span class='ocrx_word' id='word_1_96' title='bbox 142 1533 228 1608; x_wconf 87' lang='lat' dir='ltr'>apud</span> <span class='ocrx_word' id='word_1_97' title='bbox 256 1535 403 1608; x_wconf 88' lang='lat' dir='ltr'>posteros</span> <span class='ocrx_word' id='word_1_98' title='bbox 433 1537 628 1611; x_wconf 80' lang='lat' dir='ltr'>praepositio</span> <span class='ocrx_word' id='word_1_99' title='bbox 659 1536 731 1615; x_wconf 79' lang='grc' dir='ltr'><strong><em>μετά</em></strong></span> <span class='ocrx_word' id='word_1_100' title='bbox 754 1538 940 1598; x_wconf 86' lang='grc'>6666661166</span> <span class='ocrx_word' id='word_1_101' title='bbox 968 1537 1078 1597; x_wconf 86' lang='grc'>166616</span> <span class='ocrx_word' id='word_1_102' title='bbox 1101 1550 1162 1596; x_wconf 87' lang='lat' dir='ltr'>usa</span> <span class='ocrx_word' id='word_1_103' title='bbox 1186 1537 1254 1609; x_wconf 90' lang='lat' dir='ltr'>est;</span> <span class='ocrx_word' id='word_1_104' title='bbox 1279 1535 1359 1595; x_wconf 92' lang='lat' dir='ltr'>haec</span> <span class='ocrx_word' id='word_1_105' title='bbox 1382 1534 1416 1593; x_wconf 92' lang='lat' dir='ltr'>in</span> 
     </span>
     <span class='ocr_line' id='line_1_12' title="bbox 142 1635 1417 1716; baseline 0.002 -22"><span class='ocrx_word' id='word_1_106' title='bbox 142 1636 264 1709; x_wconf 82' lang='lat' dir='ltr'>hymno</span> <span class='ocrx_word' id='word_1_107' title='bbox 287 1635 435 1697; x_wconf 83' lang='lat' dir='ltr'>Mercurii</span> <span class='ocrx_word' id='word_1_108' title='bbox 457 1637 590 1699; x_wconf 89' lang='lat' dir='ltr'>demum</span> <span class='ocrx_word' id='word_1_109' title='bbox 614 1642 673 1709; x_wconf 87' lang='grc'>(66.</span> <span class='ocrx_word' id='word_1_110' title='bbox 700 1640 774 1715; x_wconf 92' lang='grc'>126,</span> <span class='ocrx_word' id='word_1_111' title='bbox 801 1640 875 1716; x_wconf 90' lang='grc'>297,</span> <span class='ocrx_word' id='word_1_112' title='bbox 900 1640 975 1709; x_wconf 92' lang='grc'>326)</span> <span class='ocrx_word' id='word_1_113' title='bbox 999 1640 1141 1714; x_wconf 88' lang='lat' dir='ltr'>apparet.</span> <span class='ocrx_word' id='word_1_114' title='bbox 1174 1637 1261 1698; x_wconf 90' lang='lat' dir='ltr'>Vitio</span> <span class='ocrx_word' id='word_1_115' title='bbox 1283 1638 1417 1698; x_wconf 88' lang='lat' dir='ltr'>debetur</span> 
     </span>
     <span class='ocr_line' id='line_1_13' title="bbox 142 1733 1416 1819; baseline 0.002 -24"><span class='ocrx_word' id='word_1_116' title='bbox 142 1733 215 1814; x_wconf 73' lang='grc' dir='ltr'>μετὰ</span> <span class='ocrx_word' id='word_1_117' title='bbox 237 1735 340 1809; x_wconf 76' lang='grc' dir='ltr'><strong><em>δαῖτας</em></strong></span> <span class='ocrx_word' id='word_1_118' title='bbox 356 1742 426 1814; x_wconf 82' lang='grc'>6661</span> <span class='ocrx_word' id='word_1_119' title='bbox 449 1754 576 1799; x_wconf 80' lang='lat' dir='ltr'>meacm</span> <span class='ocrx_word' id='word_1_120' title='bbox 598 1763 615 1819; x_wconf 81' lang='grc' dir='ltr'><em>χ</em></span> <span class='ocrx_word' id='word_1_121' title='bbox 638 1741 722 1815; x_wconf 89' lang='grc'>352;</span> <span class='ocrx_word' id='word_1_122' title='bbox 746 1755 803 1816; x_wconf 92' lang='lat' dir='ltr'>pro</span> <span class='ocrx_word' id='word_1_123' title='bbox 827 1736 899 1817; x_wconf 78' lang='grc' dir='ltr'>μετὰ</span> <span class='ocrx_word' id='word_1_124' title='bbox 921 1739 1007 1799; x_wconf 72' lang='grc' dir='ltr'><em>δαῖτα</em></span> <span class='ocrx_word' id='word_1_125' title='bbox 1027 1742 1056 1799; x_wconf 83' lang='grc' dir='ltr'><em>Α</em></span> <span class='ocrx_word' id='word_1_126' title='bbox 1079 1740 1144 1800; x_wconf 90' lang='grc'>424</span> <span class='ocrx_word' id='word_1_127' title='bbox 1163 1738 1345 1800; x_wconf 85' lang='lat' dir='ltr'>revocanda</span> <span class='ocrx_word' id='word_1_128' title='bbox 1365 1739 1416 1799; x_wconf 90' lang='lat' dir='ltr'>est</span> 
     </span>
     <span class='ocr_line' id='line_1_14' title="bbox 142 1838 616 1901; baseline 0.002 -2"><span class='ocrx_word' id='word_1_129' title='bbox 142 1839 324 1900; x_wconf 82' lang='lat' dir='ltr'>Aristarchi</span> <span class='ocrx_word' id='word_1_130' title='bbox 348 1839 443 1901; x_wconf 90' lang='lat' dir='ltr'>lectio</span> <span class='ocrx_word' id='word_1_131' title='bbox 466 1839 549 1901; x_wconf 74' lang='grc' dir='ltr'><strong>κατά.</strong></span> <span class='ocrx_word' id='word_1_132' title='bbox 614 1838 616 1843; x_wconf 80' lang='grc'>’</span> 
     </span>
    </p>

    <p class='ocr_par' dir='ltr' id='par_1_4' title="bbox 143 1940 1418 2122">
     <span class='ocr_line' id='line_1_15' title="bbox 188 1940 1418 2019; baseline 0 -17"><span class='ocrx_word' id='word_1_133' title='bbox 188 1940 337 2002; x_wconf 75' lang='lat' dir='ltr'>Dorticum</span> <span class='ocrx_word' id='word_1_134' title='bbox 372 1942 554 2017; x_wconf 79' lang='lat' dir='ltr'>(pluralium</span> <span class='ocrx_word' id='word_1_135' title='bbox 590 1944 624 2003; x_wconf 90' lang='lat' dir='ltr'>et</span> <span class='ocrx_word' id='word_1_136' title='bbox 653 1942 906 2013; x_wconf 81' lang='lat' dir='ltr'>collectivorum)</span> <span class='ocrx_word' id='word_1_137' title='bbox 938 1942 1091 2004; x_wconf 80' lang='lat' dir='ltr'>adsciscit</span> <span class='ocrx_word' id='word_1_138' title='bbox 1115 1940 1186 2019; x_wconf 75' lang='grc' dir='ltr'><strong><em>μετά</em></strong></span> <span class='ocrx_word' id='word_1_139' title='bbox 1210 1941 1249 2003; x_wconf 89' lang='grc'>16</span> <span class='ocrx_word' id='word_1_140' title='bbox 1272 1942 1313 2002; x_wconf 86' lang='grc'>116</span> <span class='ocrx_word' id='word_1_141' title='bbox 1335 1956 1418 2015; x_wconf 92' lang='grc'>6666</span> 
     </span>
     <span class='ocr_line' id='line_1_16' title="bbox 143 2043 1418 2122; baseline 0.002 -20"><span class='ocrx_word' id='word_1_142' title='bbox 143 2043 179 2102; x_wconf 82' lang='lat' dir='ltr'>in</span> <span class='ocrx_word' id='word_1_143' title='bbox 199 2043 306 2104; x_wconf 84' lang='lat' dir='ltr'>modic</span> <span class='ocrx_word' id='word_1_144' title='bbox 323 2044 520 2105; x_wconf 76' lang='lat' dir='ltr'>multitudine</span> <span class='ocrx_word' id='word_1_145' title='bbox 539 2046 713 2105; x_wconf 87' lang='lat' dir='ltr'>versantur</span> <span class='ocrx_word' id='word_1_146' title='bbox 731 2043 783 2105; x_wconf 90' lang='grc'>661</span> <span class='ocrx_word' id='word_1_147' title='bbox 803 2043 896 2120; x_wconf 81' lang='lat' dir='ltr'>flunt,</span> <span class='ocrx_word' id='word_1_148' title='bbox 914 2045 994 2105; x_wconf 79' lang='grc'>16166</span> <span class='ocrx_word' id='word_1_149' title='bbox 1012 2044 1112 2118; x_wconf 82' lang='lat' dir='ltr'>igitur</span> <span class='ocrx_word' id='word_1_150' title='bbox 1127 2043 1331 2122; x_wconf 78' lang='lat' dir='ltr'>significans3</span> <span class='ocrx_word' id='word_1_151' title='bbox 1345 2058 1373 2104; x_wconf 94' lang='grc'>6.</span> <span class='ocrx_word' id='word_1_152' title='bbox 1387 2058 1418 2117; x_wconf 81' lang='lat' dir='ltr'>g.</span> 
     </span>
    </p>

    <p class='ocr_par' dir='ltr' id='par_1_5' title="bbox 566 2139 1503 2223">
     <span class='ocr_line' id='line_1_17' title="bbox 566 2139 1503 2223; baseline -0.001 -18"><span class='ocrx_word' id='word_1_153' title='bbox 566 2142 637 2223; x_wconf 81' lang='grc' dir='ltr'>μετὰ</span> <span class='ocrx_word' id='word_1_154' title='bbox 659 2146 742 2207; x_wconf 57' lang='grc' dir='ltr'><em>ἑοῖσι</em></span> <span class='ocrx_word' id='word_1_155' title='bbox 766 2144 878 2222; x_wconf 83' lang='grc' dir='ltr'><em>φίλοισι</em></span> <span class='ocrx_word' id='word_1_156' title='bbox 1322 2169 1341 2204; x_wconf 83' lang='grc' dir='ltr'>α</span> <span class='ocrx_word' id='word_1_157' title='bbox 1368 2146 1418 2206; x_wconf 85' lang='grc'>19.</span> <span class='ocrx_word' id='word_1_158' title='bbox 1497 2139 1503 2150; x_wconf 79' lang='grc'><strong>’</strong></span> 
     </span>
    </p>

    <p class='ocr_par' dir='ltr' id='par_1_6' title="bbox 145 2243 1422 2831">
     <span class='ocr_line' id='line_1_18' title="bbox 187 2243 1420 2327; baseline 0 -22"><span class='ocrx_word' id='word_1_159' title='bbox 187 2245 427 2319; x_wconf 85' lang='lat' dir='ltr'>Nonnunquam</span> <span class='ocrx_word' id='word_1_160' title='bbox 446 2246 548 2308; x_wconf 89' lang='lat' dir='ltr'>etiam</span> <span class='ocrx_word' id='word_1_161' title='bbox 566 2246 605 2308; x_wconf 94' lang='grc'>16</span> <span class='ocrx_word' id='word_1_162' title='bbox 624 2247 764 2320; x_wconf 82' lang='lat' dir='ltr'>itaquae</span> <span class='ocrx_word' id='word_1_163' title='bbox 783 2262 841 2322; x_wconf 92' lang='lat' dir='ltr'>par</span> <span class='ocrx_word' id='word_1_164' title='bbox 852 2246 998 2309; x_wconf 85' lang='lat' dir='ltr'>efficiunt</span> <span class='ocrx_word' id='word_1_165' title='bbox 1009 2248 1143 2310; x_wconf 89' lang='lat' dir='ltr'>dicitur:</span> <span class='ocrx_word' id='word_1_166' title='bbox 1164 2244 1282 2325; x_wconf 76' lang='grc' dir='ltr'><strong>μετὰ...</strong></span> <span class='ocrx_word' id='word_1_167' title='bbox 1298 2243 1420 2327; x_wconf 69' lang='grc' dir='ltr'><em>γένοοσι</em></span> 
     </span>
     <span class='ocr_line' id='line_1_19' title="bbox 147 2347 1422 2431; baseline 0.002 -26"><span class='ocrx_word' id='word_1_168' title='bbox 147 2351 178 2405; x_wconf 95' lang='grc' dir='ltr'><em>Λ</em></span> <span class='ocrx_word' id='word_1_169' title='bbox 201 2347 279 2423; x_wconf 84' lang='grc'>416,</span> <span class='ocrx_word' id='word_1_170' title='bbox 302 2350 474 2431; x_wconf 68' lang='grc' dir='ltr'><em>γαμφηλῇσι</em></span> <span class='ocrx_word' id='word_1_171' title='bbox 497 2349 529 2407; x_wconf 90' lang='grc' dir='ltr'><em>Ν</em></span> <span class='ocrx_word' id='word_1_172' title='bbox 553 2348 628 2424; x_wconf 84' lang='grc'>200,</span> <span class='ocrx_word' id='word_1_173' title='bbox 651 2348 742 2408; x_wconf 80' lang='grc' dir='ltr'><em>ποσσί</em></span> <span class='ocrx_word' id='word_1_174' title='bbox 763 2350 798 2409; x_wconf 91' lang='grc' dir='ltr'><em>Ν</em></span> <span class='ocrx_word' id='word_1_175' title='bbox 816 2351 880 2410; x_wconf 82' lang='lat'>579</span> <span class='ocrx_word' id='word_1_176' title='bbox 906 2352 934 2408; x_wconf 89' lang='grc' dir='ltr'><strong><em>Τ</em></strong></span> <span class='ocrx_word' id='word_1_177' title='bbox 955 2351 1028 2426; x_wconf 90' lang='grc'>110,</span> <span class='ocrx_word' id='word_1_178' title='bbox 1052 2349 1132 2430; x_wconf 80' lang='grc' dir='ltr'><strong><em>χερσί</em></strong></span> <span class='ocrx_word' id='word_1_179' title='bbox 1150 2353 1212 2409; x_wconf 88' lang='grc' dir='ltr'>Λ4</span> <span class='ocrx_word' id='word_1_180' title='bbox 1233 2352 1305 2427; x_wconf 70' lang='lat' dir='ltr'>eiu,</span> <span class='ocrx_word' id='word_1_181' title='bbox 1333 2347 1422 2428; x_wconf 79' lang='grc' dir='ltr'><strong><em>φρεσί</em></strong></span> 
     </span>
     <span class='ocr_line' id='line_1_20' title="bbox 146 2445 1418 2528; baseline 0.002 -21"><span class='ocrx_word' id='word_1_182' title='bbox 146 2452 173 2507; x_wconf 92' lang='grc' dir='ltr'><em>Δ</em></span> <span class='ocrx_word' id='word_1_183' title='bbox 195 2450 259 2509; x_wconf 90' lang='grc'>245</span> <span class='ocrx_word' id='word_1_184' title='bbox 280 2449 353 2525; x_wconf 84' lang='grc'>616,</span> <span class='ocrx_word' id='word_1_185' title='bbox 376 2445 570 2528; x_wconf 75' lang='grc' dir='ltr'><em>ἀμφοτέροισι</em></span> <span class='ocrx_word' id='word_1_186' title='bbox 593 2451 621 2509; x_wconf 88' lang='grc' dir='ltr'><em>Δ</em></span> <span class='ocrx_word' id='word_1_187' title='bbox 645 2451 686 2511; x_wconf 93' lang='grc'>16</span> <span class='ocrx_word' id='word_1_188' title='bbox 710 2452 826 2512; x_wconf 89' lang='grc'>616-</span> <span class='ocrx_word' id='word_1_189' title='bbox 840 2450 961 2512; x_wconf 78' lang='lat' dir='ltr'>Eadem</span> <span class='ocrx_word' id='word_1_190' title='bbox 984 2452 1229 2526; x_wconf 86' lang='lat' dir='ltr'>praepositionis</span> <span class='ocrx_word' id='word_1_191' title='bbox 1253 2453 1418 2526; x_wconf 86' lang='grc'>6166666·</span> 
     </span>
     <span class='ocr_line' id='line_1_21' title="bbox 145 2548 1419 2630; baseline 0 -19"><span class='ocrx_word' id='word_1_192' title='bbox 145 2552 195 2611; x_wconf 92' lang='lat' dir='ltr'>ret</span> <span class='ocrx_word' id='word_1_193' title='bbox 218 2551 253 2611; x_wconf 90' lang='lat' dir='ltr'>in</span> <span class='ocrx_word' id='word_1_194' title='bbox 275 2550 407 2613; x_wconf 88' lang='lat' dir='ltr'>nomine</span> <span class='ocrx_word' id='word_1_195' title='bbox 430 2551 504 2612; x_wconf 90' lang='lat' dir='ltr'>inde</span> <span class='ocrx_word' id='word_1_196' title='bbox 527 2552 672 2613; x_wconf 85' lang='lat' dir='ltr'>derivato</span> <span class='ocrx_word' id='word_1_197' title='bbox 691 2548 841 2630; x_wconf 75' lang='grc' dir='ltr'>μέτασσαι,</span> <span class='ocrx_word' id='word_1_198' title='bbox 863 2567 926 2626; x_wconf 90' lang='grc'>666</span> <span class='ocrx_word' id='word_1_199' title='bbox 946 2568 1048 2627; x_wconf 82' lang='lat' dir='ltr'>agnae</span> <span class='ocrx_word' id='word_1_200' title='bbox 1067 2557 1162 2614; x_wconf 82' lang='grc'>661616</span> <span class='ocrx_word' id='word_1_201' title='bbox 1181 2554 1300 2614; x_wconf 82' lang='lat' dir='ltr'>medice</span> <span class='ocrx_word' id='word_1_202' title='bbox 1318 2552 1419 2626; x_wconf 81' lang='lat' dir='ltr'>desig·</span> 
     </span>
     <span class='ocr_line' id='line_1_22' title="bbox 146 2653 1420 2729; baseline 0 -17"><span class='ocrx_word' id='word_1_203' title='bbox 146 2654 265 2712; x_wconf 86' lang='lat' dir='ltr'>nantur</span> <span class='ocrx_word' id='word_1_204' title='bbox 299 2674 311 2710; x_wconf 89' lang='grc' dir='ltr'><strong><em>ι</em></strong></span> <span class='ocrx_word' id='word_1_205' title='bbox 346 2653 421 2729; x_wconf 92' lang='grc'>221,</span> <span class='ocrx_word' id='word_1_206' title='bbox 453 2667 512 2713; x_wconf 90' lang='grc'>666</span> <span class='ocrx_word' id='word_1_207' title='bbox 542 2668 607 2714; x_wconf 90' lang='grc'>666</span> <span class='ocrx_word' id='word_1_208' title='bbox 636 2654 670 2714; x_wconf 85' lang='grc'>16</span> <span class='ocrx_word' id='word_1_209' title='bbox 692 2653 844 2715; x_wconf 83' lang='grc'>61666516</span> <span class='ocrx_word' id='word_1_210' title='bbox 872 2654 956 2728; x_wconf 89' lang='grc'>6661</span> <span class='ocrx_word' id='word_1_211' title='bbox 976 2656 1016 2716; x_wconf 89' lang='lat' dir='ltr'>ab</span> <span class='ocrx_word' id='word_1_212' title='bbox 1040 2654 1181 2715; x_wconf 89' lang='lat' dir='ltr'>Homero</span> <span class='ocrx_word' id='word_1_213' title='bbox 1204 2655 1347 2715; x_wconf 89' lang='lat' dir='ltr'>alienum</span> <span class='ocrx_word' id='word_1_214' title='bbox 1368 2654 1420 2713; x_wconf 91' lang='lat' dir='ltr'>est</span> 
     </span>
     <span class='ocr_line' id='line_1_23' title="bbox 146 2753 495 2831; baseline 0.006 -18"><span class='ocrx_word' id='word_1_215' title='bbox 146 2753 254 2831; x_wconf 73' lang='grc' dir='ltr'><strong><em>μεταξύ</em></strong></span> <span class='ocrx_word' id='word_1_216' title='bbox 278 2753 328 2824; x_wconf 84' lang='grc'>(61.</span> <span class='ocrx_word' id='word_1_217' title='bbox 353 2754 371 2823; x_wconf 68' lang='lat' dir='ltr'>i</span> <span class='ocrx_word' id='word_1_218' title='bbox 396 2753 495 2823; x_wconf 74' lang='lat'><strong>³18⁸).</strong></span> 
     </span>
    </p>

    <p class='ocr_par' dir='ltr' id='par_1_7' title="bbox 145 2852 1422 4052">
     <span class='ocr_line' id='line_1_24' title="bbox 190 2852 1418 2933; baseline 0 -18"><span class='ocrx_word' id='word_1_219' title='bbox 190 2852 368 2915; x_wconf 76' lang='grc'>0661116666</span> <span class='ocrx_word' id='word_1_220' title='bbox 400 2855 631 2930; x_wconf 84' lang='lat' dir='ltr'>praepositioni</span> <span class='ocrx_word' id='word_1_221' title='bbox 661 2856 732 2933; x_wconf 77' lang='grc' dir='ltr'>μετά</span> <span class='ocrx_word' id='word_1_222' title='bbox 766 2859 893 2918; x_wconf 85' lang='lat' dir='ltr'>veteres</span> <span class='ocrx_word' id='word_1_223' title='bbox 923 2859 1072 2919; x_wconf 90' lang='lat' dir='ltr'>cantores</span> <span class='ocrx_word' id='word_1_224' title='bbox 1095 2873 1159 2918; x_wconf 91' lang='lat' dir='ltr'>non</span> <span class='ocrx_word' id='word_1_225' title='bbox 1182 2857 1418 2930; x_wconf 85' lang='lat' dir='ltr'>adiunxerunt;</span> 
     </span>
     <span class='ocr_line' id='line_1_25' title="bbox 145 2957 1418 3034; baseline 0 -16"><span class='ocrx_word' id='word_1_226' title='bbox 145 2972 224 3018; x_wconf 90' lang='lat' dir='ltr'>nam</span> <span class='ocrx_word' id='word_1_227' title='bbox 252 2957 370 3031; x_wconf 88' lang='lat' dir='ltr'>quibus</span> <span class='ocrx_word' id='word_1_228' title='bbox 399 2957 479 3019; x_wconf 89' lang='lat' dir='ltr'>iocis</span> <span class='ocrx_word' id='word_1_229' title='bbox 509 2959 677 3034; x_wconf 90' lang='lat' dir='ltr'>reperitur,</span> <span class='ocrx_word' id='word_1_230' title='bbox 709 2960 740 3029; x_wconf 88' lang='lat' dir='ltr'>(l.</span> <span class='ocrx_word' id='word_1_231' title='bbox 773 2975 802 3021; x_wconf 87' lang='lat' dir='ltr'>a.</span> <span class='ocrx_word' id='word_1_232' title='bbox 836 2965 868 3019; x_wconf 88' lang='lat' dir='ltr'><em>A</em></span> <span class='ocrx_word' id='word_1_233' title='bbox 898 2963 950 3030; x_wconf 94' lang='grc'>51)</span> <span class='ocrx_word' id='word_1_234' title='bbox 976 2961 1011 3019; x_wconf 92' lang='grc' dir='ltr'><strong><em>Ν</em></strong></span> <span class='ocrx_word' id='word_1_235' title='bbox 1032 2961 1096 3020; x_wconf 92' lang='grc'>700</span> <span class='ocrx_word' id='word_1_236' title='bbox 1120 2962 1156 3029; x_wconf 89' lang='lat' dir='ltr'>(P</span> <span class='ocrx_word' id='word_1_237' title='bbox 1178 2960 1276 3028; x_wconf 85' lang='grc'>1497)</span> <span class='ocrx_word' id='word_1_238' title='bbox 1303 2958 1418 3018; x_wconf 82' lang='grc'>0458</span> 
     </span>
     <span class='ocr_line' id='line_1_26' title="bbox 146 3058 1419 3138; baseline 0.002 -21"><span class='ocrx_word' id='word_1_239' title='bbox 146 3058 187 3129; x_wconf 78' lang='lat' dir='ltr'>(a</span> <span class='ocrx_word' id='word_1_240' title='bbox 210 3059 277 3119; x_wconf 87' lang='grc'>400</span> <span class='ocrx_word' id='word_1_241' title='bbox 291 3060 318 3127; x_wconf 73' lang='lat' dir='ltr'>i)</span> <span class='ocrx_word' id='word_1_242' title='bbox 341 3081 359 3118; x_wconf 83' lang='grc' dir='ltr'><strong><em>κ</em></strong></span> <span class='ocrx_word' id='word_1_243' title='bbox 383 3060 447 3120; x_wconf 89' lang='grc'>320</span> <span class='ocrx_word' id='word_1_244' title='bbox 469 3080 492 3118; x_wconf 76' lang='grc' dir='ltr'><em>π</em></span> <span class='ocrx_word' id='word_1_245' title='bbox 517 3062 579 3120; x_wconf 84' lang='grc'>140</span> <span class='ocrx_word' id='word_1_246' title='bbox 602 3061 634 3121; x_wconf 82' lang='grc'>11.</span> <span class='ocrx_word' id='word_1_247' title='bbox 658 3061 737 3121; x_wconf 85' lang='lat' dir='ltr'>XIX</span> <span class='ocrx_word' id='word_1_248' title='bbox 763 3063 800 3138; x_wconf 93' lang='grc'>2,</span> <span class='ocrx_word' id='word_1_249' title='bbox 831 3062 909 3136; x_wconf 90' lang='grc'>6616</span> <span class='ocrx_word' id='word_1_250' title='bbox 931 3062 1011 3122; x_wconf 86' lang='grc'>61116</span> <span class='ocrx_word' id='word_1_251' title='bbox 1034 3061 1189 3121; x_wconf 86' lang='lat' dir='ltr'>debeatur</span> <span class='ocrx_word' id='word_1_252' title='bbox 1211 3061 1268 3121; x_wconf 83' lang='lat' dir='ltr'>vix</span> <span class='ocrx_word' id='word_1_253' title='bbox 1292 3060 1419 3121; x_wconf 88' lang='lat' dir='ltr'>videtur</span> 
     </span>
     <span class='ocr_line' id='line_1_27' title="bbox 146 3159 1418 3237; baseline 0.002 -17"><span class='ocrx_word' id='word_1_254' title='bbox 146 3159 278 3221; x_wconf 90' lang='lat' dir='ltr'>dubium</span> <span class='ocrx_word' id='word_1_255' title='bbox 288 3177 296 3236; x_wconf 91' lang='lat'>;</span> <span class='ocrx_word' id='word_1_256' title='bbox 317 3160 357 3222; x_wconf 86' lang='lat' dir='ltr'>ci.</span> <span class='ocrx_word' id='word_1_257' title='bbox 376 3175 459 3234; x_wconf 89' lang='lat' dir='ltr'>quae</span> <span class='ocrx_word' id='word_1_258' title='bbox 478 3161 518 3222; x_wconf 93' lang='lat' dir='ltr'>ad</span> <span class='ocrx_word' id='word_1_259' title='bbox 530 3161 674 3236; x_wconf 81' lang='lat' dir='ltr'>singulos</span> <span class='ocrx_word' id='word_1_260' title='bbox 689 3162 777 3223; x_wconf 84' lang='lat' dir='ltr'>iocos</span> <span class='ocrx_word' id='word_1_261' title='bbox 788 3162 1046 3223; x_wconf 83' lang='lat' dir='ltr'>observavimus.</span> <span class='ocrx_word' id='word_1_262' title='bbox 1066 3163 1103 3222; x_wconf 91' lang='lat' dir='ltr'>In</span> <span class='ocrx_word' id='word_1_263' title='bbox 1121 3162 1304 3237; x_wconf 79' lang='lat' dir='ltr'>Theogonia</span> <span class='ocrx_word' id='word_1_264' title='bbox 1315 3161 1418 3222; x_wconf 87' lang='lat' dir='ltr'>semei</span> 
     </span>
     <span class='ocr_line' id='line_1_28' title="bbox 146 3261 1418 3339; baseline 0.001 -17"><span class='ocrx_word' id='word_1_265' title='bbox 146 3261 274 3338; x_wconf 74' lang='lat' dir='ltr'>iegitur,</span> <span class='ocrx_word' id='word_1_266' title='bbox 297 3262 331 3322; x_wconf 92' lang='lat' dir='ltr'>in</span> <span class='ocrx_word' id='word_1_267' title='bbox 365 3263 482 3324; x_wconf 85' lang='lat' dir='ltr'>ceteris</span> <span class='ocrx_word' id='word_1_268' title='bbox 513 3263 662 3338; x_wconf 86' lang='lat' dir='ltr'>operibus</span> <span class='ocrx_word' id='word_1_269' title='bbox 689 3263 859 3325; x_wconf 87' lang='lat' dir='ltr'>Hesiodeis</span> <span class='ocrx_word' id='word_1_270' title='bbox 890 3279 1052 3338; x_wconf 87' lang='lat' dir='ltr'>nusquam</span> <span class='ocrx_word' id='word_1_271' title='bbox 1079 3263 1227 3339; x_wconf 90' lang='lat' dir='ltr'>occurrit,</span> <span class='ocrx_word' id='word_1_272' title='bbox 1258 3278 1361 3338; x_wconf 91' lang='lat' dir='ltr'>neque</span> <span class='ocrx_word' id='word_1_273' title='bbox 1384 3264 1418 3323; x_wconf 92' lang='lat' dir='ltr'>in</span> 
     </span>
     <span class='ocr_line' id='line_1_29' title="bbox 145 3364 1419 3441; baseline -0.002 -15"><span class='ocrx_word' id='word_1_274' title='bbox 145 3364 286 3439; x_wconf 87' lang='lat' dir='ltr'>Hymnis</span> <span class='ocrx_word' id='word_1_275' title='bbox 309 3364 496 3441; x_wconf 89' lang='lat' dir='ltr'>maioribus,</span> <span class='ocrx_word' id='word_1_276' title='bbox 520 3366 554 3425; x_wconf 90' lang='lat' dir='ltr'>et</span> <span class='ocrx_word' id='word_1_277' title='bbox 572 3365 704 3425; x_wconf 91' lang='lat' dir='ltr'>omnino</span> <span class='ocrx_word' id='word_1_278' title='bbox 723 3381 742 3425; x_wconf 89' lang='lat' dir='ltr'>a</span> <span class='ocrx_word' id='word_1_279' title='bbox 765 3365 903 3427; x_wconf 85' lang='lat' dir='ltr'>dictione</span> <span class='ocrx_word' id='word_1_280' title='bbox 920 3366 1047 3440; x_wconf 90' lang='lat' dir='ltr'>poetica</span> <span class='ocrx_word' id='word_1_281' title='bbox 1068 3366 1174 3427; x_wconf 90' lang='lat' dir='ltr'>aliena</span> <span class='ocrx_word' id='word_1_282' title='bbox 1194 3367 1246 3426; x_wconf 88' lang='grc'>661</span> <span class='ocrx_word' id='word_1_283' title='bbox 1258 3366 1419 3426; x_wconf 90' lang='lat' dir='ltr'>haeccon·</span> 
     </span>
     <span class='ocr_line' id='line_1_30' title="bbox 146 3465 1420 3541; baseline 0.001 -15"><span class='ocrx_word' id='word_1_284' title='bbox 146 3465 292 3541; x_wconf 84' lang='lat' dir='ltr'>structio,</span> <span class='ocrx_word' id='word_1_285' title='bbox 315 3465 407 3525; x_wconf 85' lang='lat' dir='ltr'>cuius</span> <span class='ocrx_word' id='word_1_286' title='bbox 427 3466 497 3526; x_wconf 91' lang='lat' dir='ltr'>ioco</span> <span class='ocrx_word' id='word_1_287' title='bbox 515 3467 630 3540; x_wconf 86' lang='lat' dir='ltr'>poetae</span> <span class='ocrx_word' id='word_1_288' title='bbox 651 3466 725 3527; x_wconf 92' lang='lat' dir='ltr'>inde</span> <span class='ocrx_word' id='word_1_289' title='bbox 748 3467 788 3527; x_wconf 89' lang='lat' dir='ltr'>ab</span> <span class='ocrx_word' id='word_1_290' title='bbox 809 3466 952 3528; x_wconf 90' lang='lat' dir='ltr'>Homero</span> <span class='ocrx_word' id='word_1_291' title='bbox 972 3467 1078 3529; x_wconf 89' lang='lat' dir='ltr'>dicere</span> <span class='ocrx_word' id='word_1_292' title='bbox 1099 3468 1249 3528; x_wconf 89' lang='lat' dir='ltr'>solebant</span> <span class='ocrx_word' id='word_1_293' title='bbox 1268 3466 1325 3526; x_wconf 81' lang='grc' dir='ltr'>σύν</span> <span class='ocrx_word' id='word_1_294' title='bbox 1345 3472 1420 3537; x_wconf 80' lang='lat' dir='ltr'>(coa-</span> 
     </span>
     <span class='ocr_line' id='line_1_31' title="bbox 146 3567 1421 3646; baseline 0.001 -20"><span class='ocrx_word' id='word_1_295' title='bbox 146 3568 276 3627; x_wconf 79' lang='grc'>16661116</span> <span class='ocrx_word' id='word_1_296' title='bbox 299 3567 622 3644; x_wconf 58' lang='lat' dir='ltr'>commendantibus</span> <span class='ocrx_word' id='word_1_297' title='bbox 645 3568 697 3629; x_wconf 89' lang='grc'>661</span> <span class='ocrx_word' id='word_1_298' title='bbox 720 3569 1009 3635; x_wconf 65' lang='lat' dir='ltr'>adiuvantibus...)</span> <span class='ocrx_word' id='word_1_299' title='bbox 1042 3572 1075 3630; x_wconf 87' lang='lat' dir='ltr'>et</span> <span class='ocrx_word' id='word_1_300' title='bbox 1097 3567 1158 3646; x_wconf 81' lang='grc' dir='ltr'>ἅμα</span> <span class='ocrx_word' id='word_1_301' title='bbox 1190 3568 1296 3638; x_wconf 70' lang='lat' dir='ltr'>(amul</span> <span class='ocrx_word' id='word_1_302' title='bbox 1322 3574 1421 3643; x_wconf 82' lang='lat' dir='ltr'>cum);</span> 
     </span>
     <span class='ocr_line' id='line_1_32' title="bbox 147 3669 1420 3744; baseline 0.002 -16"><span class='ocrx_word' id='word_1_303' title='bbox 147 3669 177 3730; x_wconf 91' lang='lat' dir='ltr'>id</span> <span class='ocrx_word' id='word_1_304' title='bbox 200 3669 286 3743; x_wconf 90' lang='lat' dir='ltr'>quod</span> <span class='ocrx_word' id='word_1_305' title='bbox 309 3669 434 3743; x_wconf 90' lang='lat' dir='ltr'>primus</span> <span class='ocrx_word' id='word_1_306' title='bbox 457 3669 688 3730; x_wconf 87' lang='lat' dir='ltr'>animadvertit</span> <span class='ocrx_word' id='word_1_307' title='bbox 710 3685 905 3744; x_wconf 89' lang='lat' dir='ltr'>summaque</span> <span class='ocrx_word' id='word_1_308' title='bbox 928 3670 1096 3744; x_wconf 83' lang='lat' dir='ltr'>diligentia</span> <span class='ocrx_word' id='word_1_309' title='bbox 1119 3670 1340 3744; x_wconf 86' lang='lat' dir='ltr'>comprobavit</span> <span class='ocrx_word' id='word_1_310' title='bbox 1362 3669 1420 3742; x_wconf 78' lang='lat' dir='ltr'>Ty.</span> 
     </span>
     <span class='ocr_line' id='line_1_33' title="bbox 148 3769 1422 3851; baseline 0.002 -21"><span class='ocrx_word' id='word_1_311' title='bbox 148 3769 339 3848; x_wconf 79' lang='lat' dir='ltr'>Mommsen,</span> <span class='ocrx_word' id='word_1_312' title='bbox 369 3770 450 3851; x_wconf 76' lang='grc' dir='ltr'>μετά,</span> <span class='ocrx_word' id='word_1_313' title='bbox 480 3771 537 3833; x_wconf 79' lang='grc' dir='ltr'>σύν</span> <span class='ocrx_word' id='word_1_314' title='bbox 568 3773 634 3832; x_wconf 90' lang='grc'>661</span> <span class='ocrx_word' id='word_1_315' title='bbox 665 3770 725 3849; x_wconf 73' lang='grc' dir='ltr'>ἅμα</span> <span class='ocrx_word' id='word_1_316' title='bbox 756 3773 807 3834; x_wconf 85' lang='grc'>161</span> <span class='ocrx_word' id='word_1_317' title='bbox 837 3773 897 3834; x_wconf 91' lang='grc'>166</span> <span class='ocrx_word' id='word_1_318' title='bbox 930 3774 1069 3848; x_wconf 81' lang='lat' dir='ltr'>Epikem</span> <span class='ocrx_word' id='word_1_319' title='bbox 1096 3774 1190 3848; x_wconf 88' lang='grc'>1874,</span> <span class='ocrx_word' id='word_1_320' title='bbox 1223 3787 1305 3846; x_wconf 86' lang='grc'>6666</span> <span class='ocrx_word' id='word_1_321' title='bbox 1328 3773 1422 3832; x_wconf 88' lang='grc'>66616</span> 
     </span>
     <span class='ocr_line' id='line_1_34' title="bbox 148 3871 1422 3948; baseline 0.002 -16"><span class='ocrx_word' id='word_1_322' title='bbox 148 3871 426 3934; x_wconf 88' lang='lat' dir='ltr'>observationibus</span> <span class='ocrx_word' id='word_1_323' title='bbox 455 3876 553 3935; x_wconf 89' lang='lat' dir='ltr'>aucta</span> <span class='ocrx_word' id='word_1_324' title='bbox 583 3873 703 3934; x_wconf 90' lang='lat' dir='ltr'>iterum</span> <span class='ocrx_word' id='word_1_325' title='bbox 727 3873 827 3934; x_wconf 90' lang='lat' dir='ltr'>edidit</span> <span class='ocrx_word' id='word_1_326' title='bbox 856 3875 889 3934; x_wconf 92' lang='lat' dir='ltr'>in</span> <span class='ocrx_word' id='word_1_327' title='bbox 914 3875 1063 3948; x_wconf 77' lang='lat' dir='ltr'>Beitrtge</span> <span class='ocrx_word' id='word_1_328' title='bbox 1087 3890 1128 3934; x_wconf 86' lang='lat' dir='ltr'>zu</span> <span class='ocrx_word' id='word_1_329' title='bbox 1152 3875 1208 3935; x_wconf 91' lang='lat' dir='ltr'>der</span> <span class='ocrx_word' id='word_1_330' title='bbox 1230 3874 1333 3935; x_wconf 88' lang='lat' dir='ltr'>Lehre</span> <span class='ocrx_word' id='word_1_331' title='bbox 1361 3889 1422 3934; x_wconf 88' lang='lat' dir='ltr'>von</span> 
     </span>
     <span class='ocr_line' id='line_1_35' title="bbox 148 3973 854 4052; baseline 0.004 -18"><span class='ocrx_word' id='word_1_332' title='bbox 148 3973 206 4034; x_wconf 88' lang='lat' dir='ltr'>den</span> <span class='ocrx_word' id='word_1_333' title='bbox 230 3974 451 4048; x_wconf 81' lang='lat' dir='ltr'>griechischen</span> <span class='ocrx_word' id='word_1_334' title='bbox 475 3975 730 4052; x_wconf 73' lang='lat' dir='ltr'>Propositionen,</span> <span class='ocrx_word' id='word_1_335' title='bbox 758 3976 854 4037; x_wconf 92' lang='grc'>1886.</span> 
     </span>
    </p>
   </div>
   <div class='ocr_carea' id='block_1_3' title="bbox 148 4175 1425 4661">
    <p class='ocr_par' dir='ltr' id='par_1_8' title="bbox 148 4175 1425 4661">
     <span class='ocr_line' id='line_1_36' title="bbox 192 4175 1423 4257; baseline 0.002 -21"><span class='ocrx_word' id='word_1_336' title='bbox 192 4177 221 4237; x_wconf 90' lang='grc'>5.</span> <span class='ocrx_word' id='word_1_337' title='bbox 245 4175 444 4252; x_wconf 86' lang='lat' dir='ltr'>Praepositio</span> <span class='ocrx_word' id='word_1_338' title='bbox 467 4175 536 4257; x_wconf 77' lang='grc' dir='ltr'><strong><em>περί</em></strong></span> <span class='ocrx_word' id='word_1_339' title='bbox 556 4178 612 4238; x_wconf 84' lang='grc'>661</span> <span class='ocrx_word' id='word_1_340' title='bbox 635 4177 782 4254; x_wconf 82' lang='lat' dir='ltr'>localem,</span> <span class='ocrx_word' id='word_1_341' title='bbox 806 4193 889 4253; x_wconf 92' lang='lat' dir='ltr'>quae</span> <span class='ocrx_word' id='word_1_342' title='bbox 912 4179 1064 4254; x_wconf 89' lang='lat' dir='ltr'>primitus</span> <span class='ocrx_word' id='word_1_343' title='bbox 1088 4179 1118 4239; x_wconf 89' lang='lat' dir='ltr'>ei</span> <span class='ocrx_word' id='word_1_344' title='bbox 1138 4179 1233 4254; x_wconf 89' lang='lat' dir='ltr'>inest,</span> <span class='ocrx_word' id='word_1_345' title='bbox 1258 4178 1423 4238; x_wconf 91' lang='lat' dir='ltr'>notionem</span> 
     </span>
     <span class='ocr_line' id='line_1_37' title="bbox 149 4277 1425 4356; baseline 0.002 -19"><span class='ocrx_word' id='word_1_346' title='bbox 149 4277 230 4338; x_wconf 84' lang='lat' dir='ltr'>circa</span> <span class='ocrx_word' id='word_1_347' title='bbox 252 4277 414 4353; x_wconf 81' lang='lat' dir='ltr'>integram</span> <span class='ocrx_word' id='word_1_348' title='bbox 438 4279 593 4356; x_wconf 82' lang='lat' dir='ltr'>servavit,</span> <span class='ocrx_word' id='word_1_349' title='bbox 618 4280 829 4340; x_wconf 78' lang='lat' dir='ltr'>aoccaaitcum</span> <span class='ocrx_word' id='word_1_350' title='bbox 853 4280 1008 4355; x_wconf 88' lang='lat' dir='ltr'>admittit,</span> <span class='ocrx_word' id='word_1_351' title='bbox 1032 4281 1060 4340; x_wconf 90' lang='lat' dir='ltr'>si</span> <span class='ocrx_word' id='word_1_352' title='bbox 1082 4296 1145 4340; x_wconf 91' lang='lat' dir='ltr'>nen</span> <span class='ocrx_word' id='word_1_353' title='bbox 1166 4282 1274 4341; x_wconf 87' lang='lat' dir='ltr'>certus</span> <span class='ocrx_word' id='word_1_354' title='bbox 1293 4281 1425 4354; x_wconf 86' lang='lat' dir='ltr'>quidam</span> 
     </span>
     <span class='ocr_line' id='line_1_38' title="bbox 148 4375 1423 4459; baseline 0.002 -20"><span class='ocrx_word' id='word_1_355' title='bbox 148 4379 237 4441; x_wconf 90' lang='lat' dir='ltr'>locus</span> <span class='ocrx_word' id='word_1_356' title='bbox 261 4381 312 4440; x_wconf 87' lang='lat' dir='ltr'>eat</span> <span class='ocrx_word' id='word_1_357' title='bbox 335 4375 539 4442; x_wconf 86' lang='lat' dir='ltr'>definiendus</span> <span class='ocrx_word' id='word_1_358' title='bbox 562 4381 648 4442; x_wconf 91' lang='lat' dir='ltr'>circa</span> <span class='ocrx_word' id='word_1_359' title='bbox 670 4396 767 4454; x_wconf 89' lang='lat' dir='ltr'>quem</span> <span class='ocrx_word' id='word_1_360' title='bbox 791 4379 850 4442; x_wconf 87' lang='lat' dir='ltr'>fiat</span> <span class='ocrx_word' id='word_1_361' title='bbox 872 4381 957 4442; x_wconf 91' lang='lat' dir='ltr'>actio</span> <span class='ocrx_word' id='word_1_362' title='bbox 981 4381 1033 4441; x_wconf 88' lang='lat' dir='ltr'>vei</span> <span class='ocrx_word' id='word_1_363' title='bbox 1056 4384 1177 4459; x_wconf 78' lang='lat' dir='ltr'>motuS,</span> <span class='ocrx_word' id='word_1_364' title='bbox 1201 4382 1258 4442; x_wconf 91' lang='lat' dir='ltr'>sed</span> <span class='ocrx_word' id='word_1_365' title='bbox 1281 4383 1423 4457; x_wconf 88' lang='lat' dir='ltr'>spatium</span> 
     </span>
     <span class='ocr_line' id='line_1_39' title="bbox 149 4478 1425 4561; baseline 0.002 -21"><span class='ocrx_word' id='word_1_366' title='bbox 149 4479 276 4554; x_wconf 86' lang='lat' dir='ltr'>aliquod</span> <span class='ocrx_word' id='word_1_367' title='bbox 303 4480 338 4540; x_wconf 92' lang='lat' dir='ltr'>in</span> <span class='ocrx_word' id='word_1_368' title='bbox 360 4481 551 4541; x_wconf 85' lang='lat' dir='ltr'>universum</span> <span class='ocrx_word' id='word_1_369' title='bbox 577 4484 628 4542; x_wconf 87' lang='lat' dir='ltr'>est</span> <span class='ocrx_word' id='word_1_370' title='bbox 652 4482 869 4559; x_wconf 86' lang='lat' dir='ltr'>indicandum,</span> <span class='ocrx_word' id='word_1_371' title='bbox 894 4498 921 4543; x_wconf 91' lang='grc'>6.</span> <span class='ocrx_word' id='word_1_372' title='bbox 945 4497 975 4556; x_wconf 81' lang='lat' dir='ltr'>g.</span> <span class='ocrx_word' id='word_1_373' title='bbox 1000 4478 1066 4561; x_wconf 76' lang='grc' dir='ltr'>περὶ</span> <span class='ocrx_word' id='word_1_374' title='bbox 1089 4480 1165 4542; x_wconf 72' lang='grc' dir='ltr'>καλὰ</span> <span class='ocrx_word' id='word_1_375' title='bbox 1187 4478 1348 4561; x_wconf 75' lang='grc' dir='ltr'><strong>ῥέεθρα...</strong></span> <span class='ocrx_word' id='word_1_376' title='bbox 1361 4480 1425 4543; x_wconf 74' lang='grc' dir='ltr'><em>ἐπε-</em></span> 
     </span>
     <span class='ocr_line' id='line_1_40' title="bbox 149 4582 1424 4661; baseline 0.002 -19"><span class='ocrx_word' id='word_1_377' title='bbox 149 4582 235 4658; x_wconf 79' lang='grc' dir='ltr'><strong><em>φύκει</em></strong></span> <span class='ocrx_word' id='word_1_378' title='bbox 261 4584 291 4642; x_wconf 87' lang='grc' dir='ltr'><em>Φ</em></span> <span class='ocrx_word' id='word_1_379' title='bbox 314 4583 378 4644; x_wconf 91' lang='grc'>352</span> <span class='ocrx_word' id='word_1_380' title='bbox 403 4583 496 4660; x_wconf 80' lang='grc'>61666,</span> <span class='ocrx_word' id='word_1_381' title='bbox 520 4584 541 4643; x_wconf 88' lang='grc'>1.</span> <span class='ocrx_word' id='word_1_382' title='bbox 560 4599 587 4644; x_wconf 91' lang='grc'>6.</span> <span class='ocrx_word' id='word_1_383' title='bbox 612 4583 647 4643; x_wconf 78' lang='lat' dir='ltr'>ia</span> <span class='ocrx_word' id='word_1_384' title='bbox 669 4584 784 4645; x_wconf 80' lang='grc'>6161616</span> <span class='ocrx_word' id='word_1_385' title='bbox 801 4600 900 4660; x_wconf 78' lang='lat' dir='ltr'>prope</span> <span class='ocrx_word' id='word_1_386' title='bbox 918 4583 1066 4661; x_wconf 77' lang='grc'>[1661166.</span> <span class='ocrx_word' id='word_1_387' title='bbox 1088 4584 1121 4646; x_wconf 85' lang='lat' dir='ltr'>Si</span> <span class='ocrx_word' id='word_1_388' title='bbox 1137 4599 1213 4645; x_wconf 86' lang='lat' dir='ltr'>vero</span> <span class='ocrx_word' id='word_1_389' title='bbox 1233 4584 1272 4645; x_wconf 94' lang='lat' dir='ltr'>de</span> <span class='ocrx_word' id='word_1_390' title='bbox 1292 4585 1424 4646; x_wconf 89' lang='lat' dir='ltr'>circum·</span> 
     </span>
    </p>
   </div>
   <div class='ocr_carea' id='block_1_4' title="bbox 0 0 1576 5124">
    <p class='ocr_par' dir='ltr' id='par_1_9' title="bbox 0 0 1576 5124">
     <span class='ocr_line' id='line_1_41' title="bbox 0 0 1576 5124; baseline 0 0"><span class='ocrx_word' id='word_1_391' title='bbox 0 0 1576 5124; x_wconf 95' lang='lat' dir='ltr'> </span> 
     </span>
    </p>
   </div>
  </div>
 </body>
</html>
