3120 5124
148 99 224 158 dum
245 113 316 158 esse
342 114 456 160 versus
476 102 507 159 N
528 101 591 161 285
613 101 743 161 initium
767 102 915 181 ταρβεῖ,
932 98 1052 160 εἰιειδὰν
1072 109 1189 177 πρῶτον
1210 114 1251 158 ex
1271 97 1416 158 inaudita

147 201 229 274 apud
258 200 440 262 Homerum
470 203 629 276 particula
653 200 773 262 ἐπειδάν
797 204 946 279 apparet3
972 202 1101 264 Menrad
1129 201 1270 262 tentavit
1292 196 1417 277 ιαρβέει,

145 299 185 359 αἴ
211 321 240 360 ιε
269 309 395 379 πρῶτον.
421 301 466 363 ci.
501 319 615 365 versus
642 319 740 379 supra
774 304 895 365 allatus
921 307 957 363 M
988 306 1030 365 46
1053 303 1156 382 ταρβεῖ
1176 297 1248 362 οὐδὲ
1270 300 1416 379 φοβεῖται,

145 401 204 463 ubi
223 399 332 480 ιαρβέει
355 403 530 478 legendum
554 407 605 465 est
630 420 671 467 ne
696 407 838 467 metrum
863 409 946 466 ruat.

194 503 419 578 Nonnusquam
453 506 563 567 hiatus
593 508 670 567 ante
701 507 840 567 formam
876 509 1076 567 contractam
1108 505 1263 566 fatiscens
1298 504 1414 565 indicio

143 606 202 664 esi
227 605 347 666 fraudis
370 607 491 681 aliquid
515 607 585 668 loco
609 608 754 669 subesse.
787 608 945 684 Exempla
971 610 1049 669 sunt
1072 602 1170 684 μηδὲ
1192 604 1233 664 ἔα
1258 621 1314 681 pro
1339 598 1412 682 μηδ’

142 699 208 781 ἔαε,
236 701 276 784 ήὲ
310 703 376 766 ἐᾶν
412 723 469 783 pro
502 704 522 786 ἢ
552 705 640 785 ἒάειν,
670 730 712 785 με
743 707 784 768 ἕοι
813 725 869 784 pro
900 704 925 787 μ’
954 707 1012 785 ἔαε,
1034 711 1194 784 ποταμοῖο
1218 704 1335 766 ἐῶσιν
1359 721 1415 780 pro

140 801 280 884 mpoi'
311 804 415 868 ἕάονοι
435 804 474 884 ¹);
507 810 657 883 qualibus
688 810 768 871 locis
798 811 925 870 utinam
949 825 988 871 ne
1014 808 1119 870 christ
1143 809 1246 879 (cuius
1269 809 1412 881 Prolego

141 919 242 969 mena
274 924 345 984 pag.
384 911 448 971 115
484 911 662 982 videantur)
698 911 777 971 illud
808 909 883 986 εἰᾱν,
911 912 995 986 quod
1029 911 1140 971 Nauck
1175 911 1416 986 proscripserat,

141 1010 290 1072 codicum
327 1011 453 1073 scilicet
483 1011 545 1074 ilde
580 1013 613 1073 in
649 1015 780 1074 textum
812 1017 1008 1089 revocasset,
1040 1028 1103 1086 quo
1127 1012 1273 1087 expleret
1295 1013 1414 1073 hiatus.

142 1107 236 1184 Quod
260 1127 334 1173 vero
359 1112 489 1175 ldenrad
512 1115 551 1175 de
575 1114 735 1177 eontract.
760 1132 790 1190 p.
819 1117 880 1177 126
905 1115 1107 1177 observavit:
1140 1113 1297 1190 ,Christio
1321 1112 1416 1174 adsti-

140 1213 239 1282 nulor
271 1228 330 1288 ego
360 1229 497 1290 quoque,
529 1230 603 1276 cum
635 1217 736 1277 attica
759 1215 827 1276 εἴων
851 1215 935 1275 εἴασα
959 1216 1146 1290 intellegere
1170 1230 1330 1288 nequeam
1354 1214 1417 1274 nisi

141 1315 290 1376 modium
308 1315 477 1390 digamma
495 1317 630 1378 inmisse
650 1320 817 1380 statuero’'
833 1335 926 1381 -ea
945 1334 1061 1393 parum
1077 1318 1278 1380 considerate
1298 1317 1419 1392 scripta

139 1418 241 1494 sucu
270 1418 384 1479 eodem
414 1419 500 1479 enim
531 1420 601 1481 iure
624 1419 690 1498 εἶχαν
715 1420 766 1481 vel
789 1420 890 1492 εἰθίζα
913 1420 1078 1495 postulare
1104 1420 1222 1480 licebit.
1246 1420 1360 1492 Itaque
1383 1418 1418 1477 in

142 1527 246 1578 versu
269 1519 297 1576 Ε
320 1519 403 1580 256:

323 1616 427 1679 ἀντίον
451 1612 504 1696 εἶμ’
529 1619 636 1681 αὐτῶν·
660 1626 765 1700 τρεῖν
789 1616 814 1699 μ’
842 1620 898 1682 οὐκ
923 1619 965 1705 ἐᾷ
990 1620 1110 1694 Παλλὰς
1135 1620 1247 1699 Ἀθήνη

141 1727 216 1777 non
236 1718 383 1780 dedimus
407 1735 481 1780 cum
506 1720 673 1784 lienrado:

324 1817 428 1881 ἀντίον
451 1815 519 1900 εἶμι·
543 1820 636 1903 τρέειν
659 1819 686 1902 μ’
712 1823 768 1885 οὐκ
792 1823 851 1907 sip
876 1822 997 1896 Παλλὰς
1022 1823 1144 1902 Ἀθήνη,

142 1920 211 1980 sed
231 1937 294 1983 una
325 1922 470 1984 litterhla
496 1928 625 1986 mutma
648 1927 681 1986 in
705 1927 775 1986 eius
799 1927 945 2002 invento,
971 1927 1155 1999 ceteroquin
1179 1928 1273 1986 acute
1297 1923 1419 2015 excogi-

146 2018 230 2099 tato,
252 2025 477 2086 excudendum
500 2028 688 2088 curavimus

482 2125 575 2207 τρέειν
598 2124 623 2206 μ’
651 2127 707 2190 οὐκ
729 2129 767 2188 εἴ
770 2151 812 2189 οιε
841 2127 961 2202 Παλλὰς
988 2129 1110 2207 Ἀθήνη,

144 2220 373 2300 imperfectum
396 2229 471 2291 huic
494 2231 564 2292 loco
589 2232 966 2292 accommodatissimum
986 2247 1059 2293 esse
1083 2246 1158 2292 cum
1178 2230 1338 2291 Ahrensio
1358 2228 1421 2288 rati

147 2324 221 2388 coll.
242 2344 287 2390 vs.
309 2330 385 2391 819.
407 2331 472 2392 Alii
492 2333 589 2393 huius
608 2334 736 2407 generis
757 2348 882 2394 errores
901 2335 978 2394 sunt
1001 2337 1181 2410 μνᾶσθαι
1201 2327 1272 2392 οὐδὲ
1292 2328 1424 2407 νέεσθαι,

147 2436 322 2495 μνῶνται
345 2429 419 2492 odit
441 2455 468 2492 τι
492 2432 644 2511 τόξον...,
667 2431 707 2506 ὡς
735 2431 767 2494 δὲ
790 2431 877 2513 λέβης
901 2435 963 2506 ζεῖ
981 2432 1080 2510 ἔνδον,
1102 2432 1153 2506 τάς
1176 2455 1205 2493 τε
1230 2436 1315 2510 τρεῖ
1336 2430 1420 2492 ἔσον-

146 2521 235 2604 μὲνις
266 2552 323 2612 ιιερ
357 2533 390 2609 ³),
422 2534 456 2595 in
486 2536 603 2608 quibus
635 2531 771 2612 pvdeod’,
796 2529 928 2613 μνάονι’,
949 2533 1014 2611 ζέει,
1036 2532 1109 2613 epta
1135 2535 1292 2610 postulari
1316 2535 1421 2594 metro

146 2634 245 2703 Supra
266 2634 335 2695 iam
359 2634 617 2699 observavimus.

196 2730 252 2796 Sed
277 2735 372 2810 longe
396 2737 652 2812 frequentissimi
675 2743 753 2799 sunt
775 2740 847 2815 loci,
872 2739 989 2812 quibus
1013 2741 1048 2799 ut
1071 2738 1298 2798 subveniretur
1330 2737 1420 2797 nulla

144 2833 258 2895 baon
284 2836 347 2897 init
368 2839 538 2900 medicina.
564 2841 601 2900 ln
625 2856 757 2901 summa
780 2841 877 2913 igitur
904 2855 1012 2900 rerum
1037 2840 1260 2914 desperatione
1284 2840 1324 2899 ad
1349 2838 1419 2898 ulti·

144 2933 238 2997 mum
260 2938 443 3000 remedium
466 2941 679 3015 confugerunt
703 2942 839 3016 posteri:
865 2956 984 3002 novam
1007 2941 1152 3001 vocalem
1170 2940 1328 3001 eiusmodi
1342 2939 1421 2999 locis

147 3021 339 3100 inserebant.
375 3041 412 3101 Id
444 3044 556 3103 tamen
587 3042 733 3121 μανιῶδες
765 3041 936 3122 ἐπιχείρημα
968 3058 1032 3103 non
1056 3043 1173 3102 iniuria
1196 3042 1326 3115 dixeris,
1350 3055 1421 3113 sup·

148 3131 283 3229 primore
313 3141 462 3203 vocalem
494 3143 686 3221 legitimam,
711 3159 773 3218 quo
798 3144 969 3205 subditicia
993 3144 1096 3218 possit
1119 3143 1208 3218 addi;
1235 3159 1277 3203 ex
1300 3142 1423 3201 duabus

151 3238 319 3317 localibus,
356 3257 439 3315 quas
475 3246 702 3306 vetustissima
732 3245 906 3321 praebebat
940 3245 1060 3320 lingua,
1095 3245 1233 3305 conflare
1258 3243 1422 3316 diphthon-

153 3339 240 3414 gum,
261 3343 297 3402 ut
318 3343 366 3404 illi
390 3345 596 3424 diphthongo,
626 3347 713 3408 malo
737 3349 845 3408 omine
872 3348 978 3422 natae,
1003 3347 1171 3421 praemitti
1197 3345 1298 3420 possit
1320 3358 1424 3403 novus

156 3441 250 3500 ⁸011us
276 3444 406 3507 aliunde
429 3447 578 3524 ignotus;
612 3449 800 3510 contrahere
823 3449 960 3521 denique
986 3448 1078 3508 binas
1103 3445 1257 3520 syllabae,
1283 3459 1423 3516 moxque

156 3536 317 3622 ulianam,
353 3561 395 3608 ex
427 3550 646 3611 contractione
677 3553 800 3626 natam,
833 3550 1012 3610 distrahere
1042 3547 1195 3608 divellere
1219 3546 1422 3606 discruciare.

159 3630 306 3720 hemplo
328 3649 374 3709 sit
398 3665 514 3712 versus
538 3675 558 3728 μ
582 3653 641 3713 95:

162 3792 345 3818 κ

170 3896 211 4021 ι’)
233 3909 317 3971 aias,
345 3915 391 3963 rar
416 3917 439 3961 r
461 3913 491 3959 re
510 3915 536 3958 x
557 3912 605 3958 aaa
627 3914 653 3956 ψ
669 3910 700 3957 ve
722 3910 734 3956 ν
754 3909 802 3957 sos
820 3915 840 3955 ,ν
859 3912 905 3956 eoo
930 3927 943 3956 α
963 3911 1010 3955 sec
1032 3925 1046 3954 a
1064 3908 1120 3953 roo.
1138 3908 1176 3954 ne
1195 3907 1305 3963 αααμαν
1326 3900 1365 3968 (ψ
1381 3900 1425 3967 ve)

157 3986 170 4019 ⁰
208 3986 275 4040 tit.

188 4049 212 4113 ’i
232 4061 284 4119 ενι
300 4091 317 4135 μ
335 4073 383 4122 coc
403 4076 432 4119 o
449 4073 497 4119 aar
516 4073 538 4116 ι
556 4071 605 4118 οτι
624 4072 667 4128 q=
685 4073 707 4115 r
724 4069 790 4127 oea).
