3120 5124
758 377 800 436 94
1315 377 1345 448 [3
1368 378 1406 437 21

144 561 262 638 driving
296 569 312 624 t
346 566 408 624 110
443 587 464 641 μ
498 567 558 626 137
596 570 624 634 (ο
659 567 864 642 correctione,
901 566 940 626 ci.
972 567 989 634 ἓ
1023 567 1084 634 73).
1112 565 1261 624 —Item
1292 565 1409 626 Aeson.

145 656 251 729 Proin.
279 667 340 726 loo
365 658 574 746 ἁπαροὶμνθος.

188 763 357 845 ἄποδίωμαι
381 770 409 824 Ε
435 770 508 844 763,
533 761 715 828 ἀπονέεσθαι
739 770 773 829 et
795 765 922 846 -νέοντο,
944 761 1110 850 ἀποπέσῃσι
1133 788 1156 826 οι
1181 768 1210 828 7.

188 859 354 949 ἆγοροῆεσθε
376 871 402 927 Β
425 872 499 930 337.

187 960 352 1056 quaesito
382 993 401 1030 v
433 973 508 1048 223,
537 973 576 1032 cf.
608 973 693 1040 §27
725 975 758 1033 et
788 973 851 1033 vid.
885 973 1009 1033 Harder
1043 973 1081 1032 de
1114 994 1132 1029 α
1164 971 1269 1032 vocali
1302 986 1334 1046 p.
1358 971 1410 1048 96,

144 1074 279 1135 Schulze
303 1074 433 1149 Quaest·
457 1074 512 1148 Ep.
537 1089 567 1148 p.
595 1076 666 1134 173.

187 1174 350 1246 πλᾶνοδέας
374 1175 406 1235 11.
431 1175 526 1236 Mero.
553 1177 602 1236 75.

188 1276 342 1353 Δᾱνᾶΐδης
365 1277 442 1337 Hes.
468 1277 554 1338 scut.
581 1278 655 1338 229.

189 1381 220 1450 2)
243 1375 446 1458 ἠγερέθονται,
467 1375 651 1457 ἠερέθονται.

187 1478 333 1558 ἠνεμόεις,
354 1476 510 1557 ἠμᾶθόεις,
531 1474 671 1559 ἠγάἰθεος.

187 1579 364 1660 ἠλῖνόμηνος
390 1584 416 1640 Τ
438 1582 500 1641 118
524 1577 557 1657 1),
581 1578 777 1661 ἠνῦσῖέεργός
801 1588 830 1654 (θ
853 1583 1059 1651 correctione)
1083 1581 1114 1638 Ω
1138 1582 1212 1640 277.

187 1722 315 1783 Vocaiis
339 1742 366 1780 ε-
389 1722 574 1796 producitur
596 1723 630 1782 in
652 1722 741 1783 hisce
765 1722 946 1783 vocabulis:

188 1815 321 1895 ἐπίτονος
345 1847 366 1901 μ
389 1825 464 1900 423,
487 1822 613 1903 Cepheia
636 1848 656 1902 η
683 1825 754 1885 119.
1062 1893 1066 1902 ‚

188 1923 338 2005 έῖᾶρῖνός,
372 1915 513 2003 triavus,
545 1917 671 2001 ἒνόδιος,
701 1917 806 2003 ἕρεσίη,
830 1918 957 2009 inculpet
992 1927 1020 1983 Ε
1043 1926 1118 2001 894,
1151 1914 1327 2001 ἕνοσίναιος,
1348 1912 1414 1981 ἕνο-

144 2026 295 2103 σίφυλλος,
310 2042 391 2099 quae
411 2029 444 2087 in
464 2029 626 2088 codicibus
638 2028 822 2088 scribuntur
834 2025 972 2106 εἰαρινός,
983 2024 1135 2101 εἰλάτινος,
1146 2023 1283 2100 εἰνόάιος,
1294 2021 1416 2101 εἰρεσίῃ,

145 2127 300 2212 ἐννεσίῃσι,
330 2125 524 2208 ἐννοσίγαιος,
545 2128 758 2205 εἰνοσίφυλλος.
782 2130 827 2189 De
851 2129 977 2189 ultimis
1000 2129 1038 2189 cf.
1064 2129 1081 2197 ἓ
1105 2127 1157 2187 38.

188 2231 336 2290 Nominis
362 2230 509 2309 Τειρεσίας
532 2233 608 2304 quin
633 2233 746 2292 eadem
771 2232 815 2291 sit
837 2232 925 2305 origo
949 2232 1023 2301 (vid.
1047 2228 1131 2306 τέρας
1154 2230 1171 2298 ἓ
1197 2230 1248 2299 72)
1277 2228 1414 2289 dubium

144 2349 207 2394 non
239 2333 381 2406 videtur;
413 2334 617 2393 servavimus
647 2335 758 2393 tamen
789 2334 1033 2409 diphthongum,
1060 2347 1101 2391 ne
1124 2329 1288 2390 notissimi
1311 2331 1414 2390 nomi·

143 2435 195 2494 nis
226 2450 325 2494 sonus
357 2436 548 2496 mutaretur.
584 2436 692 2495 Etiam
727 2450 839 2495 vocem
875 2431 1017 2511 εἰναιέρες
1057 2454 1132 2513 -ρων
1172 2435 1197 2490 Ζ
1232 2432 1295 2491 383
1337 2433 1412 2509 etc„

143 2552 240 2609 qnam
265 2535 336 2595 coll.
360 2535 415 2596 lat.
440 2537 596 2597 ianitrices
620 2528 750 2616 ἕναιὲρες
772 2559 848 2616 -ρων
872 2553 944 2598 esse
967 2537 1153 2597 statuerunt
1175 2534 1321 2607 hiieyer
1344 2534 1412 2611 aiii,

144 2641 270 2698 mutare
291 2639 361 2698 ausi
381 2653 444 2698 non
469 2655 593 2698 sumus.
621 2674 660 2680 —
682 2640 720 2698 In
740 2640 898 2699 adiectivo
919 2626 1045 2709 εἰνᾶλιος
1068 2636 1097 2709 (d
1117 2638 1180 2696 443
1205 2657 1217 2695 ε
1242 2639 1283 2697 67
1307 2656 1323 2694 ο
1345 2635 1412 2695 479

142 2741 253 2815 hymn.
280 2744 309 2816 5,
335 2742 365 2809 3)
396 2740 613 2814 diphthongus
644 2741 782 2801 fortasse
811 2742 929 2800 melius
959 2742 1118 2816 servatur,
1149 2739 1287 2813 pristina
1321 2738 1413 2797 enim

143 2844 248 2903 forma
271 2843 334 2902 fnit
356 2838 499 2918 ἒνσάλιος,
522 2842 561 2902 cf.
586 2843 604 2911 ἓ
628 2843 680 2903 44.
1036 2824 1038 2829 ’

188 2945 296 3003 Etiam
329 2943 523 3018 praepositio
554 2941 586 3002 ἐν
617 2945 677 3004 hac
707 2946 831 3005 ratione
862 2944 1056 3020 producitur,
1087 2943 1202 3017 quippe
1234 2956 1315 3015 quae
1343 2955 1412 3016 pro·

144 3047 214 3106 elisi
246 3062 320 3106 curn
351 3046 482 3106 nomine
512 3061 570 3106 suo
602 3047 767 3106 artissime
798 3048 908 3107 iuncta
937 3062 1037 3106 unum
1064 3045 1256 3105 vocabulum
1280 3042 1412 3120 efficiat,

144 3163 170 3208 c.
195 3162 225 3221 g.
250 3138 281 3205 ἐ”ν
305 3139 398 3231 dyved
422 3148 520 3218 (codd.
546 3146 589 3206 εἰν
613 3145 728 3231 ἀγορῇ).
755 3149 799 3209 cf.
825 3150 842 3217 ἓ
867 3151 940 3208 315.

186 3286 315 3347 Vocaiis
349 3291 374 3344 t·
403 3289 557 3362 producta
591 3289 683 3348 extat
709 3288 742 3347 in
768 3286 912 3366 διογενής,
935 3284 1104 3364 Πρῑᾶμέδης
1129 3287 1179 3357 (ci.
1202 3299 1274 3361 pag.
1299 3286 1353 3360 93,
1368 3286 1412 3376 2),

142 3387 304 3465 Σιδονίων,
340 3387 502 3466 Φῑλῦρέδης
536 3389 613 3450 Hes.
645 3390 762 3463 Theog.
797 3392 892 3466 1002,
924 3391 1040 3462 quibus
1070 3390 1252 3450 addendum
1283 3388 1414 3448 videtur

145 3486 297 3561 ’δῑθοινέες
321 3491 420 3561 (codd.
445 3488 612 3563 δισθανέες)
635 3515 656 3568 μ
681 3494 732 3552 22.

188 3629 316 3690 Vocalis
339 3651 370 3689 ο-
394 3632 505 3690 autem
527 3632 593 3691 ictu
617 3631 802 3691 extenditur
825 3631 857 3689 in
881 3630 1012 3691 vocibus
1038 3618 1206 3708 βσιῖῖένειρα
1227 3633 1255 3687 A
1280 3630 1354 3706 155,
1378 3646 1410 3690 ν.

144 3902 211 3948 enim
237 3915 293 3948 esse
320 3916 351 3948 ex
375 3903 520 3955 ὄιν-θάνατος
542 3904 600 3961 etc,
617 3902 723 3962 probam
746 3904 825 3961 igitur
842 3917 899 3950 esse
917 3904 1054 3950 lectionem
1073 3904 1181 3964 ἀμφασίη
1197 3898 1287 3964 (quarn
1305 3904 1413 3950 aeonius

142 3982 238 4039 Isyllus
264 3981 419 4040 Epidaurius
443 3981 548 4044 ‹ipnopm
573 3981 658 4028 dicore
676 3983 797 4029 sustinuit
820 3997 866 4042 pro
888 3983 982 4046 ἄπορος,
1000 3984 1075 4029 inser.
1094 3983 1158 4030 coll.
1178 3979 1286 4046 994299),
1303 3984 1413 4042 praefixi

142 4064 229 4108 autem
246 4060 355 4107 formam
372 4061 577 4119 antiquissimam
594 4062 674 4108 fuisse
689 4064 752 4115 ἀνα,
767 4062 793 4108 id
808 4066 848 4109 ost
860 4063 1076 4122 praepositionem
1086 4063 1253 4120 notissimam,
1267 4075 1318 4108 non
1332 4065 1413 4121 reete,

143 4142 191 4187 nisi
223 4141 344 4200 fallimur,
370 4141 551 4199 Wackernagel
577 4142 703 4189 Bezzenb.
728 4144 806 4189 Beitr.
831 4144 865 4189 1v
887 4157 912 4202 p.
931 4144 979 4189 299
997 4157 1053 4202 sqq.
1077 4142 1171 4202 aliique
1191 4146 1336 4191 statuerunt
1359 4144 1412 4191 οοΙ-

142 4222 202 4269 latis
225 4222 332 4268 vocibus
347 4222 438 4268 vitiose
456 4221 556 4267 traditis
574 4225 599 4267 et
616 4222 686 4268 facili
708 4222 864 4268 correctione
882 4221 1002 4268 sanandis
1019 4222 1129 4276 ἀνάεδνος
1147 4228 1162 4268 1
1181 4224 1236 4279 146,
1254 4224 1414 4278 ἀνάπνευστος

143 4304 203 4349 Hes.
231 4302 327 4360 Theog.
353 4303 409 4355 797,
435 4303 551 4347 ἀνάελπτα
577 4302 674 4361 Theog.
701 4304 758 4363 660,
780 4302 874 4362 quibus
897 4316 911 4348 ο
934 4302 1081 4349 coniectura
1097 4302 1288 4361 Waolrsrnagoli
1311 4303 1414 4350 accedit

144 4394 209 4427 nora
226 4394 275 4426 vox
293 4383 423 4440 ἀνάσχεσιν
442 4382 534 4426 11392.
554 4381 591 4427 cf.
610 4380 624 4438 ξ
643 4377 687 4427 41⁸
705 4381 762 4440 σιξ
781 4384 820 4428 90.

179 4459 197 4521 Ι)
215 4462 241 4507 Si
264 4465 398 4507 revocatur
423 4479 445 4513 α,
469 4460 561 4506 melius
586 4461 662 4506 etiam
683 4462 838 4520 perspicitur
856 4461 921 4506 ratio
939 4474 990 4519 qua
1007 4452 1143 4521 ἃλινόμηνος
1161 4463 1309 4520 corruptum
1328 4464 1368 4510 est
1384 4462 1412 4510 in

143 4531 275 4600 ἃλιιήμινος
292 4543 352 4588 Hes.
371 4542 440 4587 Sent.
458 4542 498 4597 91,
516 4553 592 4598 quem
610 4541 695 4586 locum
715 4541 860 4587 emendavit
879 4541 995 4599 Bentley.
