3120 5124
755 389 819 450 586
1299 389 1328 461 [fi
1351 387 1405 446 328

142 577 226 636 Nam
255 576 331 635 licet
360 577 512 650 primitus
541 590 641 634 unam
673 575 871 646 eandemque
903 573 1004 633 fuisse
1035 572 1186 633 voculam
1207 566 1229 643 1)
1261 573 1407 646 cognatae

142 678 270 750 linguae
301 677 416 736 Latina
446 681 535 756 (que)
559 678 592 736 et
616 676 810 736 Senseritica
834 679 890 745 (cu)
917 676 1086 737 videantur
1109 674 1234 749 docere,
1258 675 1328 735 tarn
1351 673 1410 734 late

142 781 254 838 tamen
285 779 453 851 utriusque
484 776 660 853 particulae
685 779 717 836 et
740 791 820 836 usus
845 777 1005 850 discrepat
1028 779 1062 836 et
1084 774 1279 849 significatio
1302 777 1339 834 ut
1361 790 1410 849 pro

143 880 268 940 duabus
301 880 500 952 diversisque
535 878 667 938 vocibus
701 877 774 937 inde
806 878 845 937 ab
878 893 958 938 aevo
990 877 1163 937 Homerico
1194 877 1319 951 optimo
1349 877 1411 936 iure

142 981 268 1056 possint
298 981 417 1040 haberi.
450 980 574 1040 indicat
601 982 712 1039 autem
737 978 940 1039 indefinitum
962 998 991 1037 τε
1015 994 1079 1038 non
1103 978 1141 1039 de
1165 980 1255 1039 certa
1277 977 1412 1051 quadam

142 1098 177 1142 re
208 1098 392 1142 sermonem
422 1081 491 1142 lieri
522 1083 579 1141 sed
603 1081 642 1141 de
666 1082 706 1140 iis
731 1096 813 1154 quae
836 1080 905 1141 fieri
928 1081 1055 1156 possint
1086 1080 1138 1142 vel
1169 1081 1306 1141 soleant.
1336 1079 1413 1139 Hinc

143 1183 262 1243 talibus
292 1184 499 1258 potissimum
531 1183 610 1244 locis
642 1182 805 1242 invenitur
837 1183 890 1242 ubi
923 1181 1105 1243 sententiae
1128 1181 1299 1256 generales
1323 1196 1411 1241 enun-

143 1285 278 1345 ciantur.
304 1285 349 1346 of.
374 1283 393 1360 ξ
421 1286 493 1345 101.

188 1439 217 1497 3.
249 1456 303 1514 περ
335 1435 474 1506 (encliti.
506 1436 673 1496 intensiva
696 1436 775 1496 haec
798 1435 957 1509 particula
981 1451 998 1494 e
1023 1435 1139 1495 Latina
1163 1435 1304 1495 dictione
1327 1437 1413 1510 (per-

143 1554 281 1614 maqnua
303 1540 376 1608 etc.)
399 1539 475 1597 nota
499 1538 560 1612 est,
585 1539 637 1596 est
660 1539 770 1596 autem
794 1536 1040 1611 praepositionis
1063 1536 1133 1614 περί
1152 1537 1259 1597 forma
1281 1536 1413 1596 brevior.

143 1640 299 1699 Primitus
311 1639 410 1712 igitur
429 1637 522 1712 circo,
543 1638 680 1710 undique
700 1637 881 1711 significare
900 1638 1020 1713 debuit,
1036 1639 1109 1698 hinc
1121 1638 1218 1714 vulda
1232 1638 1413 1711 admodum,

138 1742 282 1816 profecto,
317 1755 402 1814 sune,
438 1739 562 1812 quidem
598 1741 685 1799 valet
719 1741 752 1799 in
785 1739 923 1800 dictione
959 1741 1058 1816 epica,
1091 1755 1188 1814 saepe
1211 1742 1325 1800 autem
1355 1754 1414 1798 non

144 1844 251 1917 potest
281 1841 457 1916 separatim
490 1841 572 1900 verti
604 1841 660 1900 sed
693 1856 821 1900 merum
852 1829 977 1915 pondus
1004 1841 1092 1902 addit
1114 1841 1308 1917 sententiae,
1332 1841 1415 1901 vocis

142 1945 241 2017 igitur
276 1943 494 2003 modulatione
528 1943 738 2016 exprimenda
772 1944 833 2001 est.
869 1942 918 2001 Ex
951 1942 1115 2003 intensiva
1145 1943 1259 2003 autem
1289 1942 1415 2003 notione

144 2047 222 2105 nata
256 2047 307 2104 est
341 2045 556 2118 adversativa,
591 2060 665 2104 cum
701 2044 825 2103 Latinis
859 2044 1026 2119 particulis
1059 2044 1270 2121 quantumvis,
1300 2044 1415 2104 elamet

145 2146 369 2219 similibusque
397 2146 621 2220 comparanda.
647 2145 735 2206 Haec
758 2145 895 2219 insignis
919 2148 969 2206 est
991 2147 1138 2220 inprimis
1162 2146 1217 2206 ubi
1240 2146 1414 2220 particulae

145 2247 171 2307 εἰ
194 2248 401 2308 subiunctum
426 2248 476 2307 est
499 2266 564 2325 περ,
585 2262 644 2307 nec
668 2263 730 2307 non
754 2247 809 2307 ubi
832 2248 1009 2322 participiis
1033 2247 1169 2323 additur,
1193 2264 1221 2308 e.
1246 2247 1277 2321 ς’.
1303 2250 1333 2305 Α
1356 2247 1414 2307 586

144 2345 268 2426 ἀνάσχεο
291 2345 442 2425 κηδομένη
465 2367 520 2425 περ
542 2349 648 2423 perfer
666 2348 793 2409 aollmdo
815 2364 899 2423 eoae,
924 2348 944 2409 i.
966 2364 993 2409 e.
1013 2350 1119 2423 perfer
1141 2350 1346 2422 quarumve
1366 2349 1415 2408 aol-

144 2451 226 2510 lioilu
248 2451 317 2510 sive
335 2451 441 2525 perfer
463 2450 528 2509 licet
546 2449 672 2509 sollicito
694 2449 746 2510 eia.
768 2448 858 2509 Haeo
877 2449 988 2508 utendi
1009 2449 1092 2510 ratio
1111 2451 1243 2510 transiit
1261 2450 1295 2510 in
1315 2450 1417 2510 dictio·

144 2568 220 2612 nem
242 2552 428 2612 recentioris
447 2552 529 2627 aevi,
551 2551 635 2610 idem
658 2550 746 2610 enim
768 2550 856 2610 valet
876 2550 1023 2609 Atticum
1043 2550 1146 2628 καίπερ
1166 2565 1242 2611 cum
1254 2551 1417 2626 participio

145 2655 302 2714 iunctum.
324 2654 416 2728 Apud
437 2653 617 2713 Homerum
640 2654 752 2712 autern
777 2651 910 2712 voculae
933 2651 986 2710 καί
1007 2653 1040 2712 et
1062 2672 1116 2730 περ
1140 2652 1217 2713 licet
1239 2653 1327 2713 baud
1351 2667 1417 2712 raro

145 2757 184 2817 ad
216 2772 316 2816 unum
343 2745 550 2830 participium
573 2755 701 2814 aliudve
725 2754 917 2814 vocabulum
941 2754 1007 2813 sint
1030 2753 1225 2830 referendae,
1251 2769 1415 2828 nunquam

144 2859 254 2918 tamen
275 2873 310 2917 se
331 2859 531 2935 contingunt,
552 2858 672 2918 nedum
691 2858 725 2916 in
745 2871 845 2917 unam
866 2872 979 2916 vocem
1000 2857 1201 2930 coalescant;
1222 2871 1250 2917 e.
1272 2871 1302 2930 g.
1316 2859 1346 2914 A
1358 2856 1417 2915 217

145 2959 197 3017 καί
217 2958 295 3035 μάλα
314 2981 368 3038 περ
391 2964 481 3041 θυμῷ
501 2956 702 3037 κεχολωμένον
726 2960 804 3028 (Ait.
827 2957 932 3036 καίπερ
953 2981 981 3033 μ.
1001 2961 1047 3028 a).
1068 2957 1161 3018 Unus
1180 2959 1313 3018 tantum
1332 2957 1419 3018 locus

145 3061 321 3135 discrepat:
354 3083 373 3138 η
398 3063 462 3121 224
485 3060 612 3139 καίπερ
635 3057 729 3120 πολλὰ
753 3057 910 3132 παθόντας
934 3060 1015 3119 item
1040 3058 1117 3119 Hes.
1140 3059 1259 3133 Theog.
1284 3061 1349 3119 533
1372 3056 1420 3117 καί

143 3183 197 3240 περ
221 3161 376 3240 χωόμενος.

189 3330 219 3386 4.
250 3330 313 3402 θην
345 3325 473 3395 (enclit.)
501 3328 644 3403 profecto,
669 3326 788 3400 opinor.
814 3325 938 3385 ironico
964 3324 1069 3384 colore
1092 3337 1221 3398 semper
1246 3325 1280 3383 et
1302 3323 1420 3397 ubique

144 3428 260 3488 imbuit
284 3428 455 3487 enunciata
480 3428 512 3503 ²),
533 3427 564 3486 id
586 3427 670 3500 quod
691 3426 840 3499 Hartung
859 3425 977 3499 aliique
995 3425 1116 3500 optime
1136 3426 1372 3499 perspexerunt
1388 3425 1420 3499 ³),

145 3543 264 3601 negare
287 3543 350 3589 non
373 3528 510 3589 debebat
533 3528 648 3588 Giselre
673 3529 706 3588 in
727 3527 870 3600 Ebelingi
891 3527 1009 3586 Lexico
1034 3526 1214 3587 Homerico.
1240 3525 1299 3585 Est
1322 3526 1420 3599 igitur

149 3630 356 3706 exsultantis,
379 3630 555 3706 illudentis,
578 3630 721 3703 graviter
743 3629 886 3690 ferentia.
911 3628 945 3688 Ε.
969 3643 999 3701 g.

235 3731 260 3789 Θ
280 3732 343 3790 448
365 3729 400 3791 οὐ
422 3727 476 3807 μέν
497 3735 560 3809 θην
579 3725 717 3809 ’κάμετόν
733 3751 765 3809 γε
784 3730 927 3790 nondum
939 3733 1015 3789 cerie
1026 3731 1157 3804 defodiat
1175 3730 1253 3805 wita,
1266 3729 1377 3805 opinor
1389 3724 1420 3799 ⁴).

178 3913 197 3977 ¹)
213 3917 325 3963 Duotam
347 3928 362 3960 a
383 3915 472 3974 stirpe,
496 3928 564 3974 qnae
588 3915 666 3961 etiam
686 3914 838 3974 particulam
856 3931 894 3960 κιν
912 3907 963 3976 (κα)
982 3914 1088 3975 peperit,
1107 3933 1134 3960 κο
1151 3911 1308 3979 (νος-της).
1327 3915 1422 3962 Dubito

143 3997 228 4041 tamen
245 4008 277 4040 an
295 3994 437 4040 similitudo
454 3994 560 4041 fortuita
579 4007 625 4040 noe
643 3994 725 4049 fallat,
743 3993 918 4052 oopnlativnm
943 3994 1029 4038 antem
1049 4007 1072 4039 ts
1089 3986 1154 4055 (qao)
1173 3993 1278 4041 aliunde
1296 3994 1331 4040 sit
1348 4007 1421 4054 repe·

142 4073 255 4121 tendum.
274 4074 363 4120 Nonne
384 4072 485 4118 diversa
504 4075 633 4120 ettamen
651 4073 794 4119 consimilia
812 4073 871 4118 sunt
889 4071 914 4116 di
931 4065 1016 4116 aulem'
1029 4075 1056 4117 et
1073 4072 1097 4118 di
1116 4083 1203 4134 cerm,
1221 4072 1323 4131 syllaba
1337 4073 1422 4119 linaiis

142 4160 197 4202 -θεν
214 4149 325 4215 (εθην)
343 4154 528 4212 particularum
545 4152 687 4199 Atticarum
707 4152 781 4211 δῆθεν
789 4151 910 4210 δήπουθεν
919 4152 945 4195 et
954 4149 1077 4197 suffixum
1086 4156 1142 4197 -θιν
1150 4152 1278 4211 originem
1288 4150 1421 4199 indicans?

176 4228 195 4295 ²)
219 4233 291 4279 Idem
323 4232 392 4279 valet
422 4232 454 4278 de
487 4233 550 4279 locis
576 4232 620 4278 ubi
657 4228 793 4277 Theocritus
818 4229 918 4289 epicam
945 4228 1011 4275 hanc
1036 4229 1190 4289 particulam
1217 4244 1280 4278 suos
1306 4231 1332 4279 in
1359 4244 1422 4278 usus

143 4311 282 4358 transtulit.

175 4387 196 4454 ³)
216 4391 327 4449 „Giving
344 4404 359 4436 a
377 4389 496 4448 mocking
514 4401 543 4435 or
560 4389 667 4436 ironical
684 4389 771 4435 force’'
790 4390 878 4435 Monro
895 4388 970 4434 Hom.
988 4383 1115 4434 Gramm.²
1133 4387 1147 4446 5
1165 4388 1222 4435 aba.

176 4468 195 4528 ⁴)
215 4471 252 4517 De
277 4471 358 4517 altera
385 4470 495 4516 lectione
521 4472 548 4516 ob
574 4471 616 4528 μέν
640 4487 681 4515 τον
706 4471 806 4527 sepnor
832 4487 857 4526 y·
882 4470 993 4525 nugatur
1016 4467 1168 4515 Eustathins
1186 4467 1307 4515 adhunc
1326 4468 1420 4525 locum,

142 4551 242 4610 Argivis
268 4555 294 4597 et
320 4550 487 4598 Cretensibus
502 4548 667 4609 particulam
693 4563 733 4594 νον
756 4568 788 4590 =
806 4563 840 4593 τοι
867 4546 997 4606 propriam
1028 4546 1109 4593 inisse
1135 4547 1168 4594 de
1194 4560 1242 4594 suo
1269 4547 1419 4608 perhibens.
