3120 5124
754 406 815 466 122
1320 401 1350 472 [5
1372 402 1410 462 38

144 595 214 669 ipsa
248 593 369 654 vocalis
402 591 498 652 ἄὲτό
510 599 528 651 b
558 594 593 653 in
617 594 749 667 longum
777 609 895 654 sonum
920 608 939 652 a
961 614 986 653 ει
1009 608 1021 652 ῑ
1044 615 1080 653 ου
1104 608 1123 653 e
1146 596 1312 667 mutatur;
1336 589 1412 651 anti·

144 697 254 769 quitus
287 699 409 771 autem,
446 712 520 757 cum
552 711 711 757 consonae
743 697 861 770 scripto
893 712 955 756 non
990 696 1233 769 geminarentur
1257 692 1279 764 ¹)
1312 705 1412 766 neque

142 797 213 857 soni
232 797 377 871 producti
398 798 471 857 aliis
490 798 592 872 signis
610 798 819 858 redderentur
838 813 937 870 quam
957 798 1072 857 breves
1093 797 1221 858 vocales
1242 794 1415 868 Amor,

143 898 218 959 sciri
252 913 315 958 non
351 901 477 973 poterat
512 902 621 960 utrum
652 899 781 960 litterae
812 896 956 962 ΞΕΝΟΣ
972 901 1058 959 -ut
1090 899 1150 960 hoc
1173 897 1326 972 exemplo
1349 895 1414 956 uta

142 1015 216 1059 mur
237 1034 277 1042 —
295 1000 514 1075 significarent
537 989 619 1073 ξένος
648 1017 689 1062 an
713 998 815 1073 ξέννος
839 1017 880 1061 an
905 1001 1007 1073 ξεῖνος.
1030 1002 1110 1062 seiri
1134 1001 1165 1062 id
1188 1015 1254 1061 non
1276 997 1414 1074 poterat,

141 1102 317 1176 inquimus,
349 1103 412 1163 nisi
443 1103 571 1164 aliunde
595 1105 775 1177 constaret3
807 1103 977 1164 constabat
999 1106 1111 1165 autem
1137 1102 1269 1164 cuilibet
1291 1100 1333 1160 de
1356 1111 1416 1159 sua

141 1203 243 1277 ipsius
276 1204 396 1278 lingua.
440 1203 521 1265 dum
562 1206 661 1280 igitur
695 1205 844 1265 homines
878 1205 1028 1279 legebant
1069 1205 1166 1265 verba
1201 1218 1240 1263 ea
1279 1200 1416 1262 dialecto

142 1320 296 1379 expressa
330 1320 393 1378 qua
424 1307 485 1380 ipsi
519 1308 703 1379 utebantur,
739 1308 871 1366 haerere
905 1322 969 1366 non
1001 1307 1168 1380 poterant;
1204 1301 1418 1365 Atheniensis

142 1402 235 1477 ξένος,
256 1406 392 1467 Lesbius
416 1408 467 1466 vel
490 1408 666 1468 Thessalus
689 1405 800 1483 ξέννος,
823 1408 968 1469 Milesius
991 1408 1085 1480 ξεῖνος
1109 1407 1268 1469 recitabat
1289 1405 1417 1464 litteras

143 1503 287 1571 ΞΕΝΟΣ
319 1509 351 1567 in
385 1508 521 1583 publicis
555 1525 635 1570 suae
669 1510 811 1570 civitatis
845 1510 951 1569 titulis
987 1511 1148 1571 exaratas.
1172 1508 1247 1579 ,Sed
1279 1505 1417 1568 eandem

101 1676 104 1682 ⁴
143 1624 256 1669 vocem
280 1625 354 1670 cum
377 1611 562 1671 inveniebat
584 1611 617 1671 in
640 1611 804 1671 sententia
827 1626 910 1683 quae
933 1610 1070 1672 dialecto
1094 1611 1201 1672 aliena
1231 1610 1324 1670 esset
1347 1620 1417 1668 con·

142 1712 244 1786 cepta,
275 1711 344 1771 fieri
374 1726 438 1772 nnn
469 1716 595 1787 poterat
626 1715 702 1786 quin
735 1713 914 1787 dubitaret;
945 1713 1072 1774 errandi
1097 1714 1210 1773 autem
1232 1710 1355 1786 triplex
1381 1709 1419 1769 ut

143 1812 285 1872 vidimus
303 1816 373 1873 erat
392 1814 527 1890 occasio,
549 1816 703 1887 quoniam
726 1815 861 1876 Aeolum
882 1817 952 1874 erat
972 1814 1104 1875 brevem
1125 1813 1274 1875 vocalem
1294 1811 1419 1873 maiore

144 1913 231 1973 vocis
265 1916 415 1975 acumine
448 1917 598 1991 proferre,
634 1916 665 1976 id
697 1918 780 1990 quod
812 1917 1005 1990 geminando
1039 1930 1216 1976 consonam
1247 1913 1418 1989 postmodo

142 2016 275 2075 indicari
309 2018 443 2093 solebat,
479 2020 595 2078 Ionum
626 2019 800 2078 extendere
833 2021 866 2078 et
896 2017 996 2078 veluti
1026 2017 1212 2092 protrahere
1240 2028 1361 2075 sonum
1384 2016 1417 2087 ²),

143 2116 359 2178 Athenienses
393 2136 469 2180 vero
501 2120 661 2194 syllabam
693 2122 824 2180 brevem
855 2121 985 2180 omnino
1017 2135 1081 2179 non
1112 2118 1342 2194 producebant,
1373 2116 1419 2175 ita

146 2219 183 2276 ut
203 2234 244 2278 ex
260 2220 389 2281 illorum
402 2237 551 2282 sermone
564 2221 673 2282 littera
685 2223 812 2296 spirans
827 2221 916 2282 nullo
928 2222 1067 2295 vestigio
1078 2222 1191 2283 relicto
1202 2218 1375 2282 evanuerit
1385 2214 1418 2286 ³).

191 2322 228 2380 ln
260 2324 457 2383 carminibus
488 2327 600 2385 autem
631 2326 774 2384 metrum
805 2325 940 2385 docebat
971 2340 1053 2396 quae
1084 2324 1199 2397 longae
1221 2321 1335 2382 essent
1357 2317 1419 2392 syl·

148 2422 250 2497 labae,
274 2440 356 2497 quae
380 2425 503 2501 breves,
527 2442 631 2499 neque
651 2427 750 2498 igitur
772 2425 951 2501 periculum
976 2427 1045 2486 erat
1069 2440 1109 2485 ne
1128 2420 1224 2483 atnoe
1242 2435 1300 2496 pro
1322 2423 1420 2480 mana

147 2525 337 2585 recitaretur
360 2528 422 2586 nisi
446 2528 527 2588 forte
552 2528 591 2588 ab
615 2527 849 2587 indoctissimis
873 2526 1074 2599 hominibus;
1100 2526 1247 2584 attamen
1263 2520 1420 2582 manebat

146 2626 233 2699 optio
267 2627 352 2688 inter
382 2625 483 2700 ξέννος
514 2631 547 2688 et
578 2630 679 2700 ξεῖνος.
703 2628 787 2688 lllud
809 2629 843 2687 in
868 2629 999 2688 Aeolica
1024 2627 1114 2701 poesi
1136 2625 1309 2687 dicendum
1334 2635 1417 2698 esse,

146 2727 205 2786 hoe
239 2728 271 2786 in
307 2729 425 2807 Ionica,
457 2732 602 2791 sciebant
632 2731 837 2804 grammatici
868 2731 922 2802 qui
952 2729 1003 2788 his
1030 2730 1127 2791 rebus
1149 2728 1295 2789 studium
1319 2739 1418 2787 suum

145 2829 390 2907 impendebant;
423 2835 479 2895 sed
509 2834 698 2909 priusquam
729 2833 761 2892 in
792 2833 1081 2905 grammaticorum
1113 2846 1231 2891 manus
1265 2842 1417 2905 pervene-

145 2933 221 2991 runt
255 2948 351 3007 opera
384 2936 553 3008 poetarum
588 2934 898 3008 vetustissimorum,
931 2948 1029 3006 quam
1062 2932 1157 2992 multi
1188 2932 1262 2992 inde
1292 2943 1419 2990 errores

146 3033 234 3106 gigni
263 3037 435 3110 potuerint,
468 3036 569 3095 immo
601 3034 777 3110 debuerint,
799 3050 895 3095 nemo
926 3050 990 3094 non
1016 3035 1112 3096 videt.
1138 3033 1236 3094 Cuius
1258 3032 1306 3092 rei
1329 3030 1420 3091 certa

146 3133 334 3195 testimonia
367 3137 498 3210 praebet
531 3138 643 3197 textus
678 3137 859 3198 carminum
896 3138 1069 3212 epicorum,
1104 3136 1159 3197 ubi
1193 3133 1288 3194 modo
1328 3145 1418 3192 more

145 3236 275 3297 Aeolion
310 3239 475 3311 geminata
509 3240 667 3314 reperitur
700 3238 810 3298 littera
843 3239 974 3313 liquida,
1008 3239 1104 3299 modo
1140 3253 1157 3297 e
1187 3235 1278 3297 brevi
1311 3232 1418 3295 vocali

145 3338 261 3412 longus
295 3354 394 3399 sonus
429 3355 485 3414 per
516 3340 758 3415 productionem
782 3341 1074 3413 compensatoriam
1099 3354 1182 3413 quae
1211 3337 1330 3397 dicitur
1352 3350 1419 3427 pro

146 3440 215 3516 diit,
252 3455 326 3500 cum
358 3443 469 3501 tamen
503 3442 586 3502 ratio
620 3442 703 3502 ferat
733 3443 770 3501 ut
801 3443 858 3502 aut
880 3441 960 3502 illud
994 3445 1051 3503 aut
1073 3442 1134 3501 hoc
1156 3439 1285 3513 linguae
1308 3439 1419 3513 epicos

146 3542 310 3616 proprium
346 3543 447 3602 fuisse
481 3545 676 3603 statuamus.
709 3544 865 3603 Attamen
896 3559 1011 3618 parum
1037 3545 1147 3603 tutum
1169 3541 1267 3602 fuerit
1289 3541 1420 3602 mutare

147 3658 356 3716 quaecunque
379 3646 441 3704 huo
461 3645 632 3720 pertinent,
653 3645 806 3719 quoniam
828 3647 993 3706 nescimus
1012 3660 1116 3718 neque
1136 3644 1202 3704 ullo
1221 3644 1315 3718 pacto
1336 3643 1419 3703 scire

146 3759 322 3817 possumus
352 3746 462 3804 utrum
495 3745 588 3817 ξεῖνος
612 3761 653 3806 an
677 3741 780 3818 ξέννος
804 3746 910 3820 magis
934 3746 978 3805 sit
1001 3745 1109 3805 simile
1132 3759 1211 3806 sono
1234 3758 1333 3818 quem
1357 3742 1420 3819 ipsi

147 3849 296 3906 cantores
319 3846 473 3921 edebant;
499 3848 575 3920 quin
599 3847 668 3907 fleri
692 3849 800 3922 potest
824 3850 861 3906 ut
885 3863 987 3920 neque
1010 3848 1071 3908 hoc
1094 3861 1197 3921 neque
1226 3845 1307 3906 illud
1337 3847 1420 3906 satis

147 4009 365 4018 —--——-.

181 4107 202 4174 ¹)
219 4112 275 4159 vid.
293 4127 313 4158 e.
330 4126 354 4171 g.
373 4113 423 4159 loci
439 4126 504 4172 quos
521 4112 642 4159 indicavit
660 4107 792 4170 G.Meyer²
809 4126 834 4170 p.
855 4112 910 4158 278.

181 4187 202 4252 ²)
220 4190 289 4239 Illud
308 4189 552 4250 ,vocalsohtrsung”
570 4193 619 4238 hoc
638 4188 866 4250 ,vocaldehnnng’'
886 4205 900 4236 a
918 4190 1005 4237 Fickio
1023 4194 1135 4238 vocatur.

179 4268 201 4335 ³)
220 4273 275 4328 Quo
300 4273 403 4319 saeculo
428 4272 575 4319 huiusmodi
602 4272 715 4330 syllabae
746 4273 772 4317 in
798 4272 882 4317 Attica
908 4271 1018 4318 dialecto
1045 4271 1136 4317 breves
1163 4271 1245 4317 factae
1272 4271 1325 4317 sint
1350 4268 1419 4317 alnei

147 4353 249 4412 nequit;
276 4353 301 4399 id
328 4354 412 4399 tamen
437 4355 534 4399 eertum
553 4352 662 4412 videtur,
685 4366 716 4399 ex
733 4364 784 4410 quo
802 4353 894 4410 poetae
912 4354 939 4396 et
955 4351 1094 4410 scriptores
1111 4349 1245 4410 pedestres
1263 4350 1348 4397 Attico
1365 4362 1418 4397 ser-

147 4445 223 4478 mone
241 4432 281 4478 nsi
299 4436 367 4491 sunt,
390 4432 481 4479 breves
504 4432 593 4489 luisse,
619 4432 696 4478 citius
715 4432 794 4489 igitur
811 4432 837 4476 in
855 4430 940 4476 Attica
957 4443 1034 4488 quem
1051 4430 1078 4476 in
1096 4430 1183 4477 Aeolia
1198 4432 1224 4476 et
1241 4428 1313 4476 Ionia
1330 4428 1417 4476 deero·

148 4512 216 4556 visse
242 4511 364 4570 spirantis
390 4511 492 4557 litterae
518 4513 681 4570 potestatem,
709 4513 754 4556 aut
777 4536 807 4543 -
832 4510 854 4555 si
880 4510 938 4568 quis
964 4512 1000 4556 ita
1025 4509 1097 4569 loqui
1123 4509 1270 4557 mavult-
1294 4508 1368 4570 priua
1391 4507 1417 4555 ln

149 4590 233 4636 Attica
251 4601 327 4648 quam
347 4589 407 4635 alibi
425 4591 580 4650 geminatam
600 4589 724 4650 liquidam
742 4592 768 4636 in
786 4588 929 4650 simplicem
947 4588 1068 4640 abiisse„
