<?xml version="1.0" encoding="UTF-8"?>
<!DOCTYPE html PUBLIC "-//W3C//DTD XHTML 1.0 Transitional//EN"
    "http://www.w3.org/TR/xhtml1/DTD/xhtml1-transitional.dtd">
<html xmlns="http://www.w3.org/1999/xhtml" xml:lang="en" lang="en">
 <head>
  <title>
</title>
<meta http-equiv="Content-Type" content="text/html;charset=utf-8" />
  <meta name='ocr-system' content='tesseract 3.04.00' />
  <meta name='ocr-capabilities' content='ocr_page ocr_carea ocr_par ocr_line ocrx_word'/>
</head>
<body>
  <div class='ocr_page' id='page_1' title='image "./enchiridiumdict00leeugoog/enchiridiumdict00leeugoog_0304.png"; bbox 0 0 3082 5100; ppageno 0'>
   <div class='ocr_carea' id='block_1_1' title="bbox 84 372 764 453">
    <p class='ocr_par' dir='ltr' id='par_1_1' title="bbox 84 372 764 453">
     <span class='ocr_line' id='line_1_1' title="bbox 84 372 764 453; baseline -0.006 -9"><span class='ocrx_word' id='word_1_1' title='bbox 84 372 112 445; x_wconf 66' lang='grc' dir='ltr'><strong>Β</strong></span> <span class='ocrx_word' id='word_1_2' title='bbox 154 383 201 453; x_wconf 80' lang='grc'>01)</span> <span class='ocrx_word' id='word_1_3' title='bbox 700 380 764 441; x_wconf 81' lang='grc'>205</span> 
     </span>
    </p>
   </div>
   <div class='ocr_carea' id='block_1_2' title="bbox 53 568 1377 1647">
    <p class='ocr_par' dir='ltr' id='par_1_2' title="bbox 59 568 1377 953">
     <span class='ocr_line' id='line_1_2' title="bbox 72 568 1377 649; baseline 0.002 -20"><span class='ocrx_word' id='word_1_4' title='bbox 72 568 271 639; x_wconf 77' lang='lat' dir='ltr'><strong>pristinam</strong></span> <span class='ocrx_word' id='word_1_5' title='bbox 301 584 399 630; x_wconf 88' lang='lat' dir='ltr'>suam</span> <span class='ocrx_word' id='word_1_6' title='bbox 430 570 569 631; x_wconf 79' lang='lat' dir='ltr'>formam</span> <span class='ocrx_word' id='word_1_7' title='bbox 602 571 735 630; x_wconf 88' lang='lat' dir='ltr'>servant</span> <span class='ocrx_word' id='word_1_8' title='bbox 763 570 813 640; x_wconf 85' lang='lat' dir='ltr'>(cf.</span> <span class='ocrx_word' id='word_1_9' title='bbox 839 571 856 639; x_wconf 66' lang='grc' dir='ltr'><strong>ἓ</strong></span> <span class='ocrx_word' id='word_1_10' title='bbox 883 572 923 638; x_wconf 87' lang='grc'>7).</span> <span class='ocrx_word' id='word_1_11' title='bbox 948 569 983 630; x_wconf 82' lang='lat' dir='ltr'>n.</span> <span class='ocrx_word' id='word_1_12' title='bbox 1006 585 1036 644; x_wconf 79' lang='lat' dir='ltr'>g.</span> <span class='ocrx_word' id='word_1_13' title='bbox 1061 568 1129 642; x_wconf 87' lang='grc' dir='ltr'><strong><em>νόος</em></strong></span> <span class='ocrx_word' id='word_1_14' title='bbox 1158 568 1177 642; x_wconf 84' lang='grc'>“)</span> <span class='ocrx_word' id='word_1_15' title='bbox 1201 573 1269 633; x_wconf 83' lang='lat' dir='ltr'>Att.</span> <span class='ocrx_word' id='word_1_16' title='bbox 1294 580 1377 649; x_wconf 83' lang='grc' dir='ltr'><strong><em>νοῦς,</em></strong></span> 
     </span>
     <span class='ocr_line' id='line_1_3' title="bbox 67 666 1376 751; baseline 0.006 -26"><span class='ocrx_word' id='word_1_17' title='bbox 67 666 221 731; x_wconf 57' lang='lat' dir='ltr'>musas</span> <span class='ocrx_word' id='word_1_18' title='bbox 250 674 279 742; x_wconf 85' lang='grc' dir='ltr'><strong><em>(κ</em></strong></span> <span class='ocrx_word' id='word_1_19' title='bbox 303 672 379 742; x_wconf 81' lang='grc'><strong><em>355)</em></strong></span> <span class='ocrx_word' id='word_1_20' title='bbox 410 671 480 732; x_wconf 80' lang='lat' dir='ltr'>sive</span> <span class='ocrx_word' id='word_1_21' title='bbox 510 669 619 730; x_wconf 79' lang='grc' dir='ltr'><strong><em>κάνεον</em></strong></span> <span class='ocrx_word' id='word_1_22' title='bbox 650 671 718 731; x_wconf 81' lang='lat' dir='ltr'>Att.</span> <span class='ocrx_word' id='word_1_23' title='bbox 748 678 873 747; x_wconf 83' lang='grc' dir='ltr'><strong><em>κανοῦν,</em></strong></span> <span class='ocrx_word' id='word_1_24' title='bbox 895 666 998 730; x_wconf 80' lang='grc' dir='ltr'><strong><em>ὀστέον</em></strong></span> <span class='ocrx_word' id='word_1_25' title='bbox 1021 674 1090 732; x_wconf 85' lang='lat' dir='ltr'>Att.</span> <span class='ocrx_word' id='word_1_26' title='bbox 1114 667 1233 749; x_wconf 79' lang='grc' dir='ltr'><strong><em>ὀστοῦν,</em></strong></span> <span class='ocrx_word' id='word_1_27' title='bbox 1254 672 1376 751; x_wconf 81' lang='grc' dir='ltr'><strong><em>χρύσεος</em></strong></span> 
     </span>
     <span class='ocr_line' id='line_1_4' title="bbox 64 762 1375 855; baseline 0.005 -28"><span class='ocrx_word' id='word_1_28' title='bbox 64 768 176 831; x_wconf 76' lang='lat' dir='ltr'>Ata</span> <span class='ocrx_word' id='word_1_29' title='bbox 201 780 340 849; x_wconf 83' lang='grc' dir='ltr'><strong><em>χρυσοῦς,</em></strong></span> <span class='ocrx_word' id='word_1_30' title='bbox 368 771 489 843; x_wconf 81' lang='grc' dir='ltr'><strong><em>δίυλοος</em></strong></span> <span class='ocrx_word' id='word_1_31' title='bbox 518 773 587 833; x_wconf 82' lang='lat' dir='ltr'>Att.</span> <span class='ocrx_word' id='word_1_32' title='bbox 612 772 744 849; x_wconf 76' lang='grc' dir='ltr'><strong><em>διπλοῦς,</em></strong></span> <span class='ocrx_word' id='word_1_33' title='bbox 766 771 939 852; x_wconf 77' lang='grc' dir='ltr'><strong><em>χειμάρροος</em></strong></span> <span class='ocrx_word' id='word_1_34' title='bbox 962 774 1007 843; x_wconf 88' lang='lat' dir='ltr'>(N</span> <span class='ocrx_word' id='word_1_35' title='bbox 1030 774 1103 843; x_wconf 87' lang='grc'>138)</span> <span class='ocrx_word' id='word_1_36' title='bbox 1127 774 1198 835; x_wconf 83' lang='lat' dir='ltr'>sive</span> <span class='ocrx_word' id='word_1_37' title='bbox 1221 762 1375 855; x_wconf 80' lang='grc' dir='ltr'><strong><em>χειμάροος</em></strong></span> 
     </span>
     <span class='ocr_line' id='line_1_5' title="bbox 59 870 802 953; baseline -0.007 -16"><span class='ocrx_word' id='word_1_38' title='bbox 59 870 138 937; x_wconf 89' lang='grc' dir='ltr'>(Δ</span> <span class='ocrx_word' id='word_1_39' title='bbox 165 874 223 933; x_wconf 79' lang='lat'>452</span> <span class='ocrx_word' id='word_1_40' title='bbox 246 874 275 931; x_wconf 84' lang='lat' dir='ltr'><em>E</em></span> <span class='ocrx_word' id='word_1_41' title='bbox 298 874 341 933; x_wconf 86' lang='lat'>88</span> <span class='ocrx_word' id='word_1_42' title='bbox 366 878 397 932; x_wconf 85' lang='grc' dir='ltr'><em>Λ</em></span> <span class='ocrx_word' id='word_1_43' title='bbox 420 874 496 945; x_wconf 84' lang='grc'><strong><em>493)</em></strong></span> <span class='ocrx_word' id='word_1_44' title='bbox 526 875 595 935; x_wconf 76' lang='lat' dir='ltr'>Ait.</span> <span class='ocrx_word' id='word_1_45' title='bbox 618 872 802 953; x_wconf 83' lang='grc' dir='ltr'><strong><em>χειμάρρους.</em></strong></span> 
     </span>
    </p>

    <p class='ocr_par' dir='ltr' id='par_1_3' title="bbox 53 973 1375 1647">
     <span class='ocr_line' id='line_1_6' title="bbox 145 973 1375 1059; baseline 0.002 -25"><span class='ocrx_word' id='word_1_46' title='bbox 145 974 185 1033; x_wconf 82' lang='lat' dir='ltr'>In</span> <span class='ocrx_word' id='word_1_47' title='bbox 204 976 299 1035; x_wconf 76' lang='lat' dir='ltr'>textu</span> <span class='ocrx_word' id='word_1_48' title='bbox 322 975 441 1036; x_wconf 76' lang='lat' dir='ltr'>tradito</span> <span class='ocrx_word' id='word_1_49' title='bbox 463 990 528 1036; x_wconf 89' lang='lat' dir='ltr'>non</span> <span class='ocrx_word' id='word_1_50' title='bbox 549 973 704 1053; x_wconf 86' lang='grc' dir='ltr'><strong><em>χειμάροος</em></strong></span> <span class='ocrx_word' id='word_1_51' title='bbox 726 996 805 1053; x_wconf 91' lang='grc' dir='ltr'><strong><em>-ροοι</em></strong></span> <span class='ocrx_word' id='word_1_52' title='bbox 823 973 897 1059; x_wconf 87' lang='grc' dir='ltr'><strong><em>-ρόῳ</em></strong></span> <span class='ocrx_word' id='word_1_53' title='bbox 921 975 1039 1049; x_wconf 81' lang='lat' dir='ltr'>legitur</span> <span class='ocrx_word' id='word_1_54' title='bbox 1051 977 1072 1036; x_wconf 88' lang='lat' dir='ltr'>l.</span> <span class='ocrx_word' id='word_1_55' title='bbox 1085 976 1106 1037; x_wconf 92' lang='lat' dir='ltr'>l.</span> <span class='ocrx_word' id='word_1_56' title='bbox 1127 978 1183 1037; x_wconf 83' lang='lat' dir='ltr'>sed</span> <span class='ocrx_word' id='word_1_57' title='bbox 1199 976 1375 1056; x_wconf 89' lang='grc' dir='ltr'><strong><em>χειμάρρους</em></strong></span> 
     </span>
     <span class='ocr_line' id='line_1_7' title="bbox 54 1075 1374 1155; baseline 0.003 -20"><span class='ocrx_word' id='word_1_58' title='bbox 54 1092 183 1151; x_wconf 74' lang='grc' dir='ltr'><strong><em>-ρροι</em></strong></span> <span class='ocrx_word' id='word_1_59' title='bbox 210 1094 303 1155; x_wconf 74' lang='grc' dir='ltr'><strong><em>ρριις</em></strong></span> <span class='ocrx_word' id='word_1_60' title='bbox 334 1076 522 1137; x_wconf 77' lang='lat' dir='ltr'>emendavit</span> <span class='ocrx_word' id='word_1_61' title='bbox 552 1077 586 1137; x_wconf 93' lang='lat' dir='ltr'>P.</span> <span class='ocrx_word' id='word_1_62' title='bbox 600 1076 724 1151; x_wconf 85' lang='lat' dir='ltr'>Knigbt</span> <span class='ocrx_word' id='word_1_63' title='bbox 746 1075 779 1145; x_wconf 85' lang='lat'>²).</span> <span class='ocrx_word' id='word_1_64' title='bbox 813 1077 984 1137; x_wconf 89' lang='lat' dir='ltr'>Praeterea</span> <span class='ocrx_word' id='word_1_65' title='bbox 1015 1080 1245 1139; x_wconf 80' lang='lat' dir='ltr'>correctionem</span> <span class='ocrx_word' id='word_1_66' title='bbox 1273 1081 1374 1152; x_wconf 89' lang='lat' dir='ltr'>requi·</span> 
     </span>
     <span class='ocr_line' id='line_1_8' title="bbox 53 1175 1373 1263; baseline 0.007 -30"><span class='ocrx_word' id='word_1_67' title='bbox 53 1178 180 1237; x_wconf 88' lang='lat' dir='ltr'>runt</span> <span class='ocrx_word' id='word_1_68' title='bbox 200 1175 333 1238; x_wconf 75' lang='grc' dir='ltr'><strong><em>Πάνθου</em></strong></span> <span class='ocrx_word' id='word_1_69' title='bbox 356 1176 475 1263; x_wconf 77' lang='grc' dir='ltr'><strong><em>Πάνθῳ</em></strong></span> <span class='ocrx_word' id='word_1_70' title='bbox 500 1181 526 1237; x_wconf 87' lang='lat' dir='ltr'>P</span> <span class='ocrx_word' id='word_1_71' title='bbox 546 1179 576 1253; x_wconf 87' lang='lat'>9,</span> <span class='ocrx_word' id='word_1_72' title='bbox 602 1179 654 1254; x_wconf 82' lang='grc'>23,</span> <span class='ocrx_word' id='word_1_73' title='bbox 679 1180 731 1255; x_wconf 85' lang='grc'>40,</span> <span class='ocrx_word' id='word_1_74' title='bbox 753 1180 794 1238; x_wconf 83' lang='grc'>50</span> <span class='ocrx_word' id='word_1_75' title='bbox 820 1193 839 1238; x_wconf 88' lang='lat' dir='ltr'>a</span> <span class='ocrx_word' id='word_1_76' title='bbox 859 1179 1060 1240; x_wconf 87' lang='lat' dir='ltr'>nominativo</span> <span class='ocrx_word' id='word_1_77' title='bbox 1081 1179 1226 1252; x_wconf 77' lang='grc' dir='ltr'><strong><em>Πάνθους</em></strong></span> <span class='ocrx_word' id='word_1_78' title='bbox 1246 1184 1275 1238; x_wconf 88' lang='grc' dir='ltr'><em>Γ</em></span> <span class='ocrx_word' id='word_1_79' title='bbox 1294 1184 1373 1254; x_wconf 84' lang='grc'><strong>146;</strong></span> 
     </span>
     <span class='ocr_line' id='line_1_9' title="bbox 59 1278 1371 1364; baseline 0.006 -30"><span class='ocrx_word' id='word_1_80' title='bbox 59 1288 197 1340; x_wconf 81' lang='lat' dir='ltr'>verns</span> <span class='ocrx_word' id='word_1_81' title='bbox 224 1278 380 1341; x_wconf 88' lang='lat' dir='ltr'>lectiones</span> <span class='ocrx_word' id='word_1_82' title='bbox 404 1294 477 1341; x_wconf 86' lang='lat' dir='ltr'>esse</span> <span class='ocrx_word' id='word_1_83' title='bbox 500 1279 650 1340; x_wconf 82' lang='grc' dir='ltr'><strong><em>Πονθόου</em></strong></span> <span class='ocrx_word' id='word_1_84' title='bbox 675 1284 708 1341; x_wconf 90' lang='lat' dir='ltr'>et</span> <span class='ocrx_word' id='word_1_85' title='bbox 731 1278 868 1364; x_wconf 82' lang='grc' dir='ltr'><strong><em>Πονθόῳ</em></strong></span> <span class='ocrx_word' id='word_1_86' title='bbox 892 1281 1012 1341; x_wconf 81' lang='lat' dir='ltr'>evincit</span> <span class='ocrx_word' id='word_1_87' title='bbox 1035 1282 1189 1358; x_wconf 86' lang='lat' dir='ltr'>metrum,</span> <span class='ocrx_word' id='word_1_88' title='bbox 1209 1283 1249 1342; x_wconf 86' lang='lat' dir='ltr'>cf.</span> <span class='ocrx_word' id='word_1_89' title='bbox 1274 1285 1292 1352; x_wconf 60' lang='lat' dir='ltr'>a·</span> <span class='ocrx_word' id='word_1_90' title='bbox 1322 1285 1371 1343; x_wconf 81' lang='lat' dir='ltr'>ll.</span> 
     </span>
     <span class='ocr_line' id='line_1_10' title="bbox 59 1374 1374 1457; baseline 0.005 -20"><span class='ocrx_word' id='word_1_91' title='bbox 59 1374 128 1437; x_wconf 77' lang='lat' dir='ltr'>In</span> <span class='ocrx_word' id='word_1_92' title='bbox 163 1378 267 1455; x_wconf 70' lang='grc' dir='ltr'><strong><em>ἐυξόου</em></strong></span> <span class='ocrx_word' id='word_1_93' title='bbox 291 1396 367 1442; x_wconf 88' lang='lat' dir='ltr'>vero</span> <span class='ocrx_word' id='word_1_94' title='bbox 391 1381 442 1442; x_wconf 90' lang='lat' dir='ltr'>vel</span> <span class='ocrx_word' id='word_1_95' title='bbox 466 1378 554 1454; x_wconf 81' lang='grc' dir='ltr'><strong><em>ἕύξον</em></strong></span> <span class='ocrx_word' id='word_1_96' title='bbox 578 1383 607 1440; x_wconf 85' lang='lat' dir='ltr'><em>K</em></span> <span class='ocrx_word' id='word_1_97' title='bbox 631 1383 695 1442; x_wconf 83' lang='lat'>373</span> <span class='ocrx_word' id='word_1_98' title='bbox 719 1382 878 1455; x_wconf 89' lang='lat' dir='ltr'>synizesis</span> <span class='ocrx_word' id='word_1_99' title='bbox 900 1381 950 1441; x_wconf 87' lang='lat' dir='ltr'>vel</span> <span class='ocrx_word' id='word_1_100' title='bbox 971 1383 1149 1443; x_wconf 89' lang='lat' dir='ltr'>contractio</span> <span class='ocrx_word' id='word_1_101' title='bbox 1168 1385 1374 1457; x_wconf 81' lang='lat' dir='ltr'>probabiliter</span> 
     </span>
     <span class='ocr_line' id='line_1_11' title="bbox 60 1478 1374 1561; baseline 0.005 -22"><span class='ocrx_word' id='word_1_102' title='bbox 60 1478 173 1543; x_wconf 86' lang='lat' dir='ltr'>tolli</span> <span class='ocrx_word' id='word_1_103' title='bbox 203 1484 326 1561; x_wconf 89' lang='lat' dir='ltr'>nequit,</span> <span class='ocrx_word' id='word_1_104' title='bbox 361 1499 460 1558; x_wconf 89' lang='lat' dir='ltr'>quem</span> <span class='ocrx_word' id='word_1_105' title='bbox 495 1483 612 1545; x_wconf 89' lang='lat' dir='ltr'>vitiose</span> <span class='ocrx_word' id='word_1_106' title='bbox 646 1484 745 1558; x_wconf 83' lang='lat' dir='ltr'>igitur</span> <span class='ocrx_word' id='word_1_107' title='bbox 778 1484 935 1543; x_wconf 88' lang='lat' dir='ltr'>traditum</span> <span class='ocrx_word' id='word_1_108' title='bbox 970 1498 1042 1543; x_wconf 90' lang='lat' dir='ltr'>esse</span> <span class='ocrx_word' id='word_1_109' title='bbox 1078 1500 1210 1545; x_wconf 87' lang='lat' dir='ltr'>versum</span> <span class='ocrx_word' id='word_1_110' title='bbox 1241 1488 1374 1561; x_wconf 88' lang='lat' dir='ltr'>apparet</span> 
     </span>
     <span class='ocr_line' id='line_1_12' title="bbox 62 1580 527 1647; baseline 0.017 -10"><span class='ocrx_word' id='word_1_111' title='bbox 62 1580 215 1645; x_wconf 77' lang='lat' dir='ltr'><strong>0011.oe</strong></span> <span class='ocrx_word' id='word_1_112' title='bbox 240 1586 304 1646; x_wconf 81' lang='lat'>128</span> <span class='ocrx_word' id='word_1_113' title='bbox 328 1587 353 1644; x_wconf 87' lang='grc' dir='ltr'><strong><em>Β</em></strong></span> <span class='ocrx_word' id='word_1_114' title='bbox 377 1585 443 1647; x_wconf 83' lang='grc'>390</span> <span class='ocrx_word' id='word_1_115' title='bbox 467 1588 527 1647; x_wconf 91' lang='lat' dir='ltr'>etc.</span> 
     </span>
    </p>
   </div>
   <div class='ocr_carea' id='block_1_3' title="bbox 71 1772 1374 2772">
    <p class='ocr_par' dir='ltr' id='par_1_4' title="bbox 71 1772 1374 2772">
     <span class='ocr_line' id='line_1_13' title="bbox 136 1772 1373 1853; baseline 0.002 -18"><span class='ocrx_word' id='word_1_116' title='bbox 136 1772 316 1837; x_wconf 80' lang='lat' dir='ltr'>Terminus</span> <span class='ocrx_word' id='word_1_117' title='bbox 345 1796 430 1853; x_wconf 82' lang='grc' dir='ltr'><strong><em>-ειος,</em></strong></span> <span class='ocrx_word' id='word_1_118' title='bbox 463 1790 525 1849; x_wconf 89' lang='lat' dir='ltr'>quo</span> <span class='ocrx_word' id='word_1_119' title='bbox 560 1776 717 1850; x_wconf 86' lang='lat' dir='ltr'>posterior</span> <span class='ocrx_word' id='word_1_120' title='bbox 752 1776 862 1850; x_wconf 83' lang='lat' dir='ltr'>lingua</span> <span class='ocrx_word' id='word_1_121' title='bbox 897 1775 930 1835; x_wconf 93' lang='lat' dir='ltr'>in</span> <span class='ocrx_word' id='word_1_122' title='bbox 965 1775 1006 1834; x_wconf 89' lang='lat' dir='ltr'>iis</span> <span class='ocrx_word' id='word_1_123' title='bbox 1041 1776 1170 1835; x_wconf 87' lang='lat' dir='ltr'>tanturn</span> <span class='ocrx_word' id='word_1_124' title='bbox 1205 1778 1373 1838; x_wconf 87' lang='lat' dir='ltr'>adiectivis</span> 
     </span>
     <span class='ocr_line' id='line_1_14' title="bbox 71 1872 1371 1952; baseline 0.004 -17"><span class='ocrx_word' id='word_1_125' title='bbox 71 1872 252 1938; x_wconf 82' lang='lat' dir='ltr'>utebatur</span> <span class='ocrx_word' id='word_1_126' title='bbox 283 1893 367 1951; x_wconf 88' lang='lat' dir='ltr'>quae</span> <span class='ocrx_word' id='word_1_127' title='bbox 398 1878 496 1939; x_wconf 86' lang='lat' dir='ltr'>ducta</span> <span class='ocrx_word' id='word_1_128' title='bbox 527 1879 604 1938; x_wconf 89' lang='lat' dir='ltr'>sunt</span> <span class='ocrx_word' id='word_1_129' title='bbox 636 1877 675 1937; x_wconf 85' lang='lat' dir='ltr'>ab</span> <span class='ocrx_word' id='word_1_130' title='bbox 699 1877 917 1937; x_wconf 88' lang='lat' dir='ltr'>animantium</span> <span class='ocrx_word' id='word_1_131' title='bbox 941 1877 1127 1936; x_wconf 86' lang='lat' dir='ltr'>nominibus</span> <span class='ocrx_word' id='word_1_132' title='bbox 1151 1879 1220 1938; x_wconf 88' lang='lat' dir='ltr'>sive</span> <span class='ocrx_word' id='word_1_133' title='bbox 1243 1894 1371 1952; x_wconf 86' lang='lat' dir='ltr'>genera·</span> 
     </span>
     <span class='ocr_line' id='line_1_15' title="bbox 72 1968 1374 2058; baseline 0.004 -23"><span class='ocrx_word' id='word_1_134' title='bbox 72 1968 186 2039; x_wconf 79' lang='lat' dir='ltr'>libus</span> <span class='ocrx_word' id='word_1_135' title='bbox 213 1980 284 2041; x_wconf 76' lang='lat' dir='ltr'>sive</span> <span class='ocrx_word' id='word_1_136' title='bbox 315 1980 461 2057; x_wconf 78' lang='lat' dir='ltr'>proprii8‚</span> <span class='ocrx_word' id='word_1_137' title='bbox 493 1997 520 2041; x_wconf 91' lang='grc'>6.</span> <span class='ocrx_word' id='word_1_138' title='bbox 543 1995 573 2054; x_wconf 81' lang='lat' dir='ltr'>g.</span> <span class='ocrx_word' id='word_1_139' title='bbox 598 1978 765 2058; x_wconf 85' lang='grc' dir='ltr'><strong><em>χυναίκειος</em></strong></span> <span class='ocrx_word' id='word_1_140' title='bbox 799 1982 824 2049; x_wconf 85' lang='grc' dir='ltr'>(λ</span> <span class='ocrx_word' id='word_1_141' title='bbox 849 1980 935 2054; x_wconf 82' lang='lat'><strong>437),</strong></span> <span class='ocrx_word' id='word_1_142' title='bbox 968 1976 1111 2052; x_wconf 86' lang='grc' dir='ltr'><strong><em>δούλειος,</em></strong></span> <span class='ocrx_word' id='word_1_143' title='bbox 1141 1977 1268 2056; x_wconf 80' lang='grc' dir='ltr'><strong><em>ἴπυειος,</em></strong></span> <span class='ocrx_word' id='word_1_144' title='bbox 1288 1976 1374 2057; x_wconf 77' lang='grc' dir='ltr'><strong><em>ἡμιό-</em></strong></span> 
     </span>
     <span class='ocr_line' id='line_1_16' title="bbox 76 2073 1373 2161; baseline 0.012 -32"><span class='ocrx_word' id='word_1_145' title='bbox 76 2092 180 2153; x_wconf 81' lang='grc' dir='ltr'><strong><em>νειος</em></strong></span> <span class='ocrx_word' id='word_1_146' title='bbox 202 2082 229 2153; x_wconf 76' lang='grc' dir='ltr'>(ζ</span> <span class='ocrx_word' id='word_1_147' title='bbox 248 2082 311 2158; x_wconf 82' lang='grc'><strong><em>72),</em></strong></span> <span class='ocrx_word' id='word_1_148' title='bbox 332 2080 453 2161; x_wconf 73' lang='grc' dir='ltr'><strong><em>αἴγειος,</em></strong></span> <span class='ocrx_word' id='word_1_149' title='bbox 475 2080 584 2160; x_wconf 83' lang='grc' dir='ltr'><strong><em>βόειος,</em></strong></span> <span class='ocrx_word' id='word_1_150' title='bbox 605 2079 734 2156; x_wconf 79' lang='grc' dir='ltr'><strong><em>κύνειος,</em></strong></span> <span class='ocrx_word' id='word_1_151' title='bbox 755 2079 899 2158; x_wconf 79' lang='grc' dir='ltr'><strong><em>ταύρειος,</em></strong></span> <span class='ocrx_word' id='word_1_152' title='bbox 918 2073 1126 2157; x_wconf 78' lang='grc' dir='ltr'><strong><em>Ἠρακλεέειος</em></strong></span> <span class='ocrx_word' id='word_1_153' title='bbox 1150 2082 1198 2152; x_wconf 84' lang='lat' dir='ltr'>(cf.</span> <span class='ocrx_word' id='word_1_154' title='bbox 1222 2084 1240 2151; x_wconf 68' lang='grc' dir='ltr'><strong>ἓ</strong></span> <span class='ocrx_word' id='word_1_155' title='bbox 1266 2084 1317 2152; x_wconf 82' lang='grc'>73)</span> <span class='ocrx_word' id='word_1_156' title='bbox 1340 2087 1373 2158; x_wconf 77' lang='lat'>³),</span> 
     </span>
     <span class='ocr_line' id='line_1_17' title="bbox 79 2170 1372 2260; baseline -0.001 -17"><span class='ocrx_word' id='word_1_157' title='bbox 79 2170 124 2235; x_wconf 78' lang='lat'>¹11</span> <span class='ocrx_word' id='word_1_158' title='bbox 165 2182 303 2245; x_wconf 86' lang='lat' dir='ltr'>dictione</span> <span class='ocrx_word' id='word_1_159' title='bbox 334 2184 426 2259; x_wconf 86' lang='lat' dir='ltr'>spica</span> <span class='ocrx_word' id='word_1_160' title='bbox 454 2185 602 2260; x_wconf 86' lang='lat' dir='ltr'>proprius</span> <span class='ocrx_word' id='word_1_161' title='bbox 626 2184 677 2244; x_wconf 89' lang='lat' dir='ltr'>est</span> <span class='ocrx_word' id='word_1_162' title='bbox 700 2183 799 2243; x_wconf 86' lang='lat' dir='ltr'>etiam</span> <span class='ocrx_word' id='word_1_163' title='bbox 820 2181 989 2242; x_wconf 88' lang='lat' dir='ltr'>adiectivis</span> <span class='ocrx_word' id='word_1_164' title='bbox 1014 2182 1184 2242; x_wconf 82' lang='lat' dir='ltr'>materiem</span> <span class='ocrx_word' id='word_1_165' title='bbox 1209 2184 1372 2243; x_wconf 87' lang='lat' dir='ltr'>indicanti·</span> 
     </span>
     <span class='ocr_line' id='line_1_18' title="bbox 79 2270 1374 2365; baseline 0.004 -24"><span class='ocrx_word' id='word_1_166' title='bbox 79 2270 162 2341; x_wconf 78' lang='lat' dir='ltr'>bus</span> <span class='ocrx_word' id='word_1_167' title='bbox 190 2284 324 2362; x_wconf 77' lang='grc' dir='ltr'><strong><em>χρύσειος</em></strong></span> <span class='ocrx_word' id='word_1_168' title='bbox 346 2284 480 2365; x_wconf 86' lang='grc' dir='ltr'><strong><em>χάλκειος</em></strong></span> <span class='ocrx_word' id='word_1_169' title='bbox 504 2283 659 2364; x_wconf 77' lang='grc' dir='ltr'><strong><em>σιδήρειος.</em></strong></span> <span class='ocrx_word' id='word_1_170' title='bbox 683 2284 745 2345; x_wconf 84' lang='lat' dir='ltr'>Sed</span> <span class='ocrx_word' id='word_1_171' title='bbox 768 2298 832 2343; x_wconf 92' lang='lat' dir='ltr'>non</span> <span class='ocrx_word' id='word_1_172' title='bbox 857 2284 966 2344; x_wconf 89' lang='lat' dir='ltr'>minus</span> <span class='ocrx_word' id='word_1_173' title='bbox 987 2284 1172 2356; x_wconf 85' lang='lat' dir='ltr'>frequenter</span> <span class='ocrx_word' id='word_1_174' title='bbox 1195 2285 1317 2346; x_wconf 87' lang='lat' dir='ltr'>formae</span> <span class='ocrx_word' id='word_1_175' title='bbox 1342 2287 1374 2346; x_wconf 88' lang='lat' dir='ltr'>in</span> 
     </span>
     <span class='ocr_line' id='line_1_19' title="bbox 80 2385 1373 2463; baseline -0.004 -11"><span class='ocrx_word' id='word_1_176' title='bbox 80 2394 172 2459; x_wconf 68' lang='lat' dir='ltr'>·⁸⁰s‚</span> <span class='ocrx_word' id='word_1_177' title='bbox 200 2400 337 2460; x_wconf 83' lang='lat' dir='ltr'>querum</span> <span class='ocrx_word' id='word_1_178' title='bbox 369 2388 570 2463; x_wconf 79' lang='lat' dir='ltr'>paenultima</span> <span class='ocrx_word' id='word_1_179' title='bbox 601 2388 747 2461; x_wconf 88' lang='lat' dir='ltr'>correpta</span> <span class='ocrx_word' id='word_1_180' title='bbox 783 2387 834 2446; x_wconf 90' lang='lat' dir='ltr'>est</span> <span class='ocrx_word' id='word_1_181' title='bbox 863 2385 1042 2445; x_wconf 87' lang='lat' dir='ltr'>secundum</span> <span class='ocrx_word' id='word_1_182' title='bbox 1072 2386 1177 2459; x_wconf 81' lang='lat' dir='ltr'>legem</span> <span class='ocrx_word' id='word_1_183' title='bbox 1210 2402 1308 2459; x_wconf 91' lang='lat' dir='ltr'>quam</span> <span class='ocrx_word' id='word_1_184' title='bbox 1340 2388 1373 2447; x_wconf 90' lang='lat' dir='ltr'>in</span> 
     </span>
     <span class='ocr_line' id='line_1_20' title="bbox 82 2470 1371 2566; baseline 0.005 -26"><span class='ocrx_word' id='word_1_185' title='bbox 82 2470 108 2541; x_wconf 70' lang='grc'><strong>5</strong></span> <span class='ocrx_word' id='word_1_186' title='bbox 139 2484 183 2547; x_wconf 81' lang='grc'>17</span> <span class='ocrx_word' id='word_1_187' title='bbox 213 2490 435 2566; x_wconf 85' lang='lat' dir='ltr'>exposuimus,</span> <span class='ocrx_word' id='word_1_188' title='bbox 464 2504 521 2565; x_wconf 92' lang='lat' dir='ltr'>pro</span> <span class='ocrx_word' id='word_1_189' title='bbox 551 2502 761 2550; x_wconf 89' lang='lat' dir='ltr'>numerorum</span> <span class='ocrx_word' id='word_1_190' title='bbox 793 2488 1031 2561; x_wconf 88' lang='lat' dir='ltr'>opportunitate</span> <span class='ocrx_word' id='word_1_191' title='bbox 1061 2489 1265 2562; x_wconf 87' lang='lat' dir='ltr'>reperiuntur</span> <span class='ocrx_word' id='word_1_192' title='bbox 1287 2489 1371 2548; x_wconf 89' lang='lat' dir='ltr'>adhi-</span> 
     </span>
     <span class='ocr_line' id='line_1_21' title="bbox 82 2572 1363 2671; baseline 0.002 -22"><span class='ocrx_word' id='word_1_193' title='bbox 82 2572 203 2651; x_wconf 68' lang='lat' dir='ltr'>bitae:</span> <span class='ocrx_word' id='word_1_194' title='bbox 221 2590 343 2669; x_wconf 76' lang='grc' dir='ltr'><strong><em>χρύσεος</em></strong></span> <span class='ocrx_word' id='word_1_195' title='bbox 362 2590 482 2669; x_wconf 88' lang='grc' dir='ltr'><strong><em>χάλκεος</em></strong></span> <span class='ocrx_word' id='word_1_196' title='bbox 501 2589 637 2670; x_wconf 78' lang='grc' dir='ltr'><strong><em>σιδήρεος</em></strong></span> <span class='ocrx_word' id='word_1_197' title='bbox 655 2586 799 2671; x_wconf 80' lang='grc' dir='ltr'><strong><em>ἀργύρεος</em></strong></span> <span class='ocrx_word' id='word_1_198' title='bbox 818 2580 985 2668; x_wconf 76' lang='grc' dir='ltr'><strong><em>μαρμάρεος</em></strong></span> <span class='ocrx_word' id='word_1_199' title='bbox 1006 2578 1131 2661; x_wconf 76' lang='grc' dir='ltr'><strong><em>κυάνεος</em></strong></span> <span class='ocrx_word' id='word_1_200' title='bbox 1144 2592 1172 2661; x_wconf 70' lang='grc' dir='ltr'>(ἓ</span> <span class='ocrx_word' id='word_1_201' title='bbox 1186 2592 1249 2667; x_wconf 83' lang='grc'><strong><em>21),</em></strong></span> <span class='ocrx_word' id='word_1_202' title='bbox 1262 2589 1363 2663; x_wconf 70' lang='grc' dir='ltr'><strong><em>λύθεος</em></strong></span> 
     </span>
     <span class='ocr_line' id='line_1_22' title="bbox 83 2674 1371 2772; baseline 0.005 -23"><span class='ocrx_word' id='word_1_203' title='bbox 83 2674 217 2763; x_wconf 64' lang='grc' dir='ltr'><strong><em>βρότεος</em></strong></span> <span class='ocrx_word' id='word_1_204' title='bbox 246 2696 272 2763; x_wconf 86' lang='grc' dir='ltr'>(τ</span> <span class='ocrx_word' id='word_1_205' title='bbox 302 2694 388 2769; x_wconf 78' lang='lat'><strong>545),</strong></span> <span class='ocrx_word' id='word_1_206' title='bbox 418 2690 526 2772; x_wconf 82' lang='grc' dir='ltr'><strong><em>αἴγεος,</em></strong></span> <span class='ocrx_word' id='word_1_207' title='bbox 555 2690 651 2771; x_wconf 83' lang='grc' dir='ltr'><strong><em>βόεος,</em></strong></span> <span class='ocrx_word' id='word_1_208' title='bbox 671 2692 787 2769; x_wconf 86' lang='grc' dir='ltr'><strong><em>κύνεος,</em></strong></span> <span class='ocrx_word' id='word_1_209' title='bbox 818 2692 930 2771; x_wconf 84' lang='grc' dir='ltr'><strong><em>χοίρεος</em></strong></span> <span class='ocrx_word' id='word_1_210' title='bbox 953 2692 979 2763; x_wconf 81' lang='grc' dir='ltr'>(ξ</span> <span class='ocrx_word' id='word_1_211' title='bbox 1003 2692 1067 2767; x_wconf 89' lang='grc'><strong><em>81),</em></strong></span> <span class='ocrx_word' id='word_1_212' title='bbox 1095 2685 1260 2770; x_wconf 80' lang='grc' dir='ltr'><strong><em>Ἑκτόρεος,</em></strong></span> <span class='ocrx_word' id='word_1_213' title='bbox 1282 2696 1316 2755; x_wconf 82' lang='lat' dir='ltr'>et</span> <span class='ocrx_word' id='word_1_214' title='bbox 1338 2695 1371 2755; x_wconf 88' lang='lat' dir='ltr'>in</span> 
     </span>
    </p>
   </div>
   <div class='ocr_carea' id='block_1_4' title="bbox 86 2774 1373 3177">
    <p class='ocr_par' dir='ltr' id='par_1_5' title="bbox 86 2774 1373 3073">
     <span class='ocr_line' id='line_1_23' title="bbox 86 2774 1373 2875; baseline 0.005 -26"><span class='ocrx_word' id='word_1_215' title='bbox 86 2774 253 2855; x_wconf 66' lang='lat' dir='ltr'>feminino</span> <span class='ocrx_word' id='word_1_216' title='bbox 271 2810 389 2869; x_wconf 75' lang='lat' dir='ltr'>genere</span> <span class='ocrx_word' id='word_1_217' title='bbox 411 2790 637 2875; x_wconf 71' lang='grc' dir='ltr'><strong><em>Ἀγαμεμνονέη,</em></strong></span> <span class='ocrx_word' id='word_1_218' title='bbox 658 2790 818 2871; x_wconf 82' lang='grc' dir='ltr'><strong><em>Νεστορέη,</em></strong></span> <span class='ocrx_word' id='word_1_219' title='bbox 844 2791 944 2872; x_wconf 81' lang='grc' dir='ltr'><strong><em>λυκέη,</em></strong></span> <span class='ocrx_word' id='word_1_220' title='bbox 966 2790 1126 2872; x_wconf 71' lang='grc' dir='ltr'><strong><em>παρδαλέῃ.</em></strong></span> <span class='ocrx_word' id='word_1_221' title='bbox 1152 2794 1373 2870; x_wconf 77' lang='lat' dir='ltr'>Comparanda</span> 
     </span>
     <span class='ocr_line' id='line_1_24' title="bbox 88 2886 1372 2972; baseline 0.002 -18"><span class='ocrx_word' id='word_1_222' title='bbox 88 2886 150 2947; x_wconf 70' lang='lat' dir='ltr'>0⁸t</span> <span class='ocrx_word' id='word_1_223' title='bbox 184 2895 326 2956; x_wconf 86' lang='lat' dir='ltr'>nominis</span> <span class='ocrx_word' id='word_1_224' title='bbox 355 2896 553 2958; x_wconf 85' lang='lat' dir='ltr'>substantivi</span> <span class='ocrx_word' id='word_1_225' title='bbox 584 2894 729 2972; x_wconf 83' lang='grc' dir='ltr'><strong><em>σοῳε(ι)ός</em></strong></span> <span class='ocrx_word' id='word_1_226' title='bbox 759 2896 840 2956; x_wconf 83' lang='lat' dir='ltr'>haro</span> <span class='ocrx_word' id='word_1_227' title='bbox 871 2897 975 2957; x_wconf 85' lang='lat' dir='ltr'>forma</span> <span class='ocrx_word' id='word_1_228' title='bbox 1006 2897 1125 2970; x_wconf 86' lang='lat' dir='ltr'>duplex</span> <span class='ocrx_word' id='word_1_229' title='bbox 1148 2894 1232 2968; x_wconf 83' lang='grc' dir='ltr'><strong><em>(-ειός</em></strong></span> <span class='ocrx_word' id='word_1_230' title='bbox 1255 2918 1273 2954; x_wconf 88' lang='grc' dir='ltr'><strong><em>κ</em></strong></span> <span class='ocrx_word' id='word_1_231' title='bbox 1297 2897 1372 2971; x_wconf 86' lang='grc'><strong><em>389,</em></strong></span> 
     </span>
     <span class='ocr_line' id='line_1_25' title="bbox 88 2983 594 3073; baseline -0.004 -12"><span class='ocrx_word' id='word_1_232' title='bbox 88 2983 160 3061; x_wconf 64' lang='lat' dir='ltr'>—ea</span> <span class='ocrx_word' id='word_1_233' title='bbox 182 3016 201 3055; x_wconf 77' lang='grc' dir='ltr'><strong><em>ν</em></strong></span> <span class='ocrx_word' id='word_1_234' title='bbox 223 2996 299 3073; x_wconf 83' lang='lat' dir='ltr'>aas,</span> <span class='ocrx_word' id='word_1_235' title='bbox 322 2996 388 3057; x_wconf 83' lang='lat' dir='ltr'>sao</span> <span class='ocrx_word' id='word_1_236' title='bbox 411 2996 427 3068; x_wconf 76' lang='lat' dir='ltr'>i</span> <span class='ocrx_word' id='word_1_237' title='bbox 453 2999 504 3072; x_wconf 85' lang='lat' dir='ltr'>rs,</span> <span class='ocrx_word' id='word_1_238' title='bbox 532 3000 594 3068; x_wconf 79' lang='lat' dir='ltr'>vs).</span> 
     </span>
    </p>

    <p class='ocr_par' dir='ltr' id='par_1_6' title="bbox 137 3088 1371 3177">
     <span class='ocr_line' id='line_1_26' title="bbox 137 3088 1371 3177; baseline -0.001 -18"><span class='ocrx_word' id='word_1_239' title='bbox 137 3088 307 3160; x_wconf 78' lang='lat' dir='ltr'>Dissimile</span> <span class='ocrx_word' id='word_1_240' title='bbox 341 3098 394 3159; x_wconf 87' lang='lat' dir='ltr'>his</span> <span class='ocrx_word' id='word_1_241' title='bbox 423 3100 475 3159; x_wconf 87' lang='lat' dir='ltr'>est</span> <span class='ocrx_word' id='word_1_242' title='bbox 501 3097 608 3175; x_wconf 78' lang='grc' dir='ltr'><strong><em>κήδεος</em></strong></span> <span class='ocrx_word' id='word_1_243' title='bbox 641 3115 697 3174; x_wconf 91' lang='lat' dir='ltr'>pro</span> <span class='ocrx_word' id='word_1_244' title='bbox 728 3098 846 3177; x_wconf 83' lang='grc' dir='ltr'><strong><em>κήδειος</em></strong></span> <span class='ocrx_word' id='word_1_245' title='bbox 882 3102 916 3157; x_wconf 83' lang='grc' dir='ltr'>Ψ</span> <span class='ocrx_word' id='word_1_246' title='bbox 946 3101 1019 3174; x_wconf 87' lang='grc'><strong><em>160,</em></strong></span> <span class='ocrx_word' id='word_1_247' title='bbox 1051 3116 1071 3159; x_wconf 89' lang='lat' dir='ltr'>a</span> <span class='ocrx_word' id='word_1_248' title='bbox 1102 3100 1307 3159; x_wconf 87' lang='lat' dir='ltr'>substantivo</span> <span class='ocrx_word' id='word_1_249' title='bbox 1339 3097 1371 3157; x_wconf 80' lang='grc' dir='ltr'>τὸ</span> 
     </span>
    </p>
   </div>
   <div class='ocr_carea' id='block_1_5' title="bbox 86 3188 1373 3687">
    <p class='ocr_par' dir='ltr' id='par_1_7' title="bbox 86 3188 1373 3582">
     <span class='ocr_line' id='line_1_27' title="bbox 87 3188 1373 3277; baseline -0.002 -14"><span class='ocrx_word' id='word_1_250' title='bbox 87 3188 200 3277; x_wconf 49' lang='grc' dir='ltr'><strong><em>κῆδος,</em></strong></span> <span class='ocrx_word' id='word_1_251' title='bbox 219 3200 250 3261; x_wconf 87' lang='lat' dir='ltr'>sl</span> <span class='ocrx_word' id='word_1_252' title='bbox 271 3200 319 3261; x_wconf 86' lang='lat' dir='ltr'>ita</span> <span class='ocrx_word' id='word_1_253' title='bbox 337 3200 597 3276; x_wconf 84' lang='lat' dir='ltr'>interpretandus</span> <span class='ocrx_word' id='word_1_254' title='bbox 617 3204 667 3261; x_wconf 90' lang='lat' dir='ltr'>est</span> <span class='ocrx_word' id='word_1_255' title='bbox 686 3202 740 3262; x_wconf 90' lang='lat' dir='ltr'>ille</span> <span class='ocrx_word' id='word_1_256' title='bbox 763 3202 863 3263; x_wconf 90' lang='lat' dir='ltr'>locus.</span> <span class='ocrx_word' id='word_1_257' title='bbox 883 3200 994 3273; x_wconf 80' lang='lat' dir='ltr'>Neque</span> <span class='ocrx_word' id='word_1_258' title='bbox 1014 3202 1076 3260; x_wconf 91' lang='lat' dir='ltr'>buc</span> <span class='ocrx_word' id='word_1_259' title='bbox 1097 3200 1301 3261; x_wconf 88' lang='lat' dir='ltr'>referendum</span> <span class='ocrx_word' id='word_1_260' title='bbox 1321 3201 1373 3260; x_wconf 90' lang='lat' dir='ltr'>est</span> 
     </span>
     <span class='ocr_line' id='line_1_28' title="bbox 87 3288 1372 3381; baseline 0.001 -22"><span class='ocrx_word' id='word_1_261' title='bbox 87 3288 340 3363; x_wconf 63' lang='lat' dir='ltr'>wisamarum</span> <span class='ocrx_word' id='word_1_262' title='bbox 363 3296 384 3380; x_wconf 80' lang='grc' dir='ltr'><strong><em>ο)</em></strong></span> <span class='ocrx_word' id='word_1_263' title='bbox 406 3299 499 3381; x_wconf 81' lang='grc' dir='ltr'><strong><em>κυνέη</em></strong></span> <span class='ocrx_word' id='word_1_264' title='bbox 522 3304 612 3379; x_wconf 74' lang='lat' dir='ltr'>pateo</span> <span class='ocrx_word' id='word_1_265' title='bbox 634 3304 714 3373; x_wconf 84' lang='lat' dir='ltr'>(Att.</span> <span class='ocrx_word' id='word_1_266' title='bbox 737 3306 836 3379; x_wconf 75' lang='grc' dir='ltr'><strong><em>κυνῆ),</em></strong></span> <span class='ocrx_word' id='word_1_267' title='bbox 861 3303 953 3363; x_wconf 89' lang='lat' dir='ltr'>cuius</span> <span class='ocrx_word' id='word_1_268' title='bbox 976 3302 1099 3362; x_wconf 90' lang='lat' dir='ltr'>incerta</span> <span class='ocrx_word' id='word_1_269' title='bbox 1122 3304 1174 3362; x_wconf 88' lang='lat' dir='ltr'>est</span> <span class='ocrx_word' id='word_1_270' title='bbox 1192 3302 1290 3376; x_wconf 80' lang='lat' dir='ltr'>origo,</span> <span class='ocrx_word' id='word_1_271' title='bbox 1315 3301 1372 3361; x_wconf 87' lang='lat' dir='ltr'>sed</span> 
     </span>
     <span class='ocr_line' id='line_1_29' title="bbox 86 3374 1370 3478; baseline -0.003 -14"><span class='ocrx_word' id='word_1_272' title='bbox 86 3374 124 3443; x_wconf 64' lang='lat'>¹⁰</span> <span class='ocrx_word' id='word_1_273' title='bbox 158 3402 290 3475; x_wconf 83' lang='lat' dir='ltr'>quidem</span> <span class='ocrx_word' id='word_1_274' title='bbox 320 3420 401 3466; x_wconf 90' lang='lat' dir='ltr'>usus</span> <span class='ocrx_word' id='word_1_275' title='bbox 432 3405 625 3466; x_wconf 90' lang='lat' dir='ltr'>Homericus</span> <span class='ocrx_word' id='word_1_276' title='bbox 652 3404 831 3465; x_wconf 88' lang='lat' dir='ltr'>luculenter</span> <span class='ocrx_word' id='word_1_277' title='bbox 859 3404 961 3478; x_wconf 85' lang='lat' dir='ltr'>docet,</span> <span class='ocrx_word' id='word_1_278' title='bbox 994 3418 1057 3462; x_wconf 94' lang='lat' dir='ltr'>non</span> <span class='ocrx_word' id='word_1_279' title='bbox 1081 3418 1153 3463; x_wconf 89' lang='lat' dir='ltr'>esse</span> <span class='ocrx_word' id='word_1_280' title='bbox 1177 3403 1370 3462; x_wconf 86' lang='lat' dir='ltr'>femininum</span> 
     </span>
     <span class='ocr_line' id='line_1_30' title="bbox 86 3486 1025 3582; baseline 0 -19"><span class='ocrx_word' id='word_1_281' title='bbox 86 3486 251 3565; x_wconf 65' lang='lat' dir='ltr'>aiilttctlvi</span> <span class='ocrx_word' id='word_1_282' title='bbox 271 3504 412 3577; x_wconf 66' lang='lat' dir='ltr'>rivaliter</span> <span class='ocrx_word' id='word_1_283' title='bbox 434 3507 577 3582; x_wconf 75' lang='lat' dir='ltr'>maistas,</span> <span class='ocrx_word' id='word_1_284' title='bbox 602 3506 685 3579; x_wconf 90' lang='lat' dir='ltr'>quod</span> <span class='ocrx_word' id='word_1_285' title='bbox 707 3506 865 3580; x_wconf 87' lang='lat' dir='ltr'>putabant</span> <span class='ocrx_word' id='word_1_286' title='bbox 888 3506 1025 3565; x_wconf 88' lang='lat' dir='ltr'>veteres.</span> 
     </span>
    </p>

    <p class='ocr_par' dir='ltr' id='par_1_8' title="bbox 137 3592 1228 3687">
     <span class='ocr_line' id='line_1_31' title="bbox 137 3592 1228 3687; baseline -0.002 -22"><span class='ocrx_word' id='word_1_287' title='bbox 137 3592 271 3667; x_wconf 74' lang='lat' dir='ltr'>Formis</span> <span class='ocrx_word' id='word_1_288' title='bbox 293 3605 400 3681; x_wconf 87' lang='lat' dir='ltr'>qualis</span> <span class='ocrx_word' id='word_1_289' title='bbox 423 3609 475 3667; x_wconf 89' lang='lat' dir='ltr'>est</span> <span class='ocrx_word' id='word_1_290' title='bbox 497 3604 651 3687; x_wconf 82' lang='grc' dir='ltr'><strong><em>ἀρχδρειος</em></strong></span> <span class='ocrx_word' id='word_1_291' title='bbox 674 3607 765 3667; x_wconf 91' lang='lat' dir='ltr'>locus</span> <span class='ocrx_word' id='word_1_292' title='bbox 789 3608 822 3667; x_wconf 92' lang='lat' dir='ltr'>in</span> <span class='ocrx_word' id='word_1_293' title='bbox 846 3606 1036 3668; x_wconf 84' lang='lat' dir='ltr'>hexametro</span> <span class='ocrx_word' id='word_1_294' title='bbox 1062 3620 1126 3664; x_wconf 91' lang='lat' dir='ltr'>non</span> <span class='ocrx_word' id='word_1_295' title='bbox 1150 3606 1228 3663; x_wconf 88' lang='lat' dir='ltr'>erat.</span> 
     </span>
    </p>
   </div>
   <div class='ocr_carea' id='block_1_6' title="bbox 12 3796 1371 4269">
    <p class='ocr_par' dir='ltr' id='par_1_9' title="bbox 139 3796 1370 3893">
     <span class='ocr_line' id='line_1_32' title="bbox 139 3796 1370 3893; baseline -0.002 -25"><span class='ocrx_word' id='word_1_296' title='bbox 139 3796 183 3867; x_wconf 85' lang='lat' dir='ltr'>In</span> <span class='ocrx_word' id='word_1_297' title='bbox 203 3808 299 3869; x_wconf 85' lang='lat' dir='ltr'>textu</span> <span class='ocrx_word' id='word_1_298' title='bbox 322 3810 440 3870; x_wconf 78' lang='lat' dir='ltr'>tradito</span> <span class='ocrx_word' id='word_1_299' title='bbox 464 3810 609 3885; x_wconf 87' lang='lat' dir='ltr'>syllabae</span> <span class='ocrx_word' id='word_1_300' title='bbox 631 3831 696 3869; x_wconf 86' lang='grc' dir='ltr'><strong><em>-εον</em></strong></span> <span class='ocrx_word' id='word_1_301' title='bbox 719 3807 770 3893; x_wconf 79' lang='grc' dir='ltr'>-έῳ</span> <span class='ocrx_word' id='word_1_302' title='bbox 795 3814 855 3871; x_wconf 85' lang='lat' dir='ltr'>etc.</span> <span class='ocrx_word' id='word_1_303' title='bbox 880 3808 958 3869; x_wconf 91' lang='lat' dir='ltr'>locis</span> <span class='ocrx_word' id='word_1_304' title='bbox 983 3807 1106 3880; x_wconf 90' lang='lat' dir='ltr'>aliquot</span> <span class='ocrx_word' id='word_1_305' title='bbox 1129 3822 1184 3881; x_wconf 91' lang='lat' dir='ltr'>per</span> <span class='ocrx_word' id='word_1_306' title='bbox 1207 3806 1370 3879; x_wconf 86' lang='lat' dir='ltr'>synizesin</span> 
     </span>
    </p>

    <p class='ocr_par' dir='ltr' id='par_1_10' title="bbox 12 3896 1370 3995">
     <span class='ocr_line' id='line_1_33' title="bbox 12 3896 1370 3995; baseline -0.005 -26"><span class='ocrx_word' id='word_1_307' title='bbox 12 3970 19 3995; x_wconf 92' lang='lat'>-.</span> <span class='ocrx_word' id='word_1_308' title='bbox 95 3896 282 3985; x_wconf 65' lang='lat' dir='ltr'>eliltiluunt3</span> <span class='ocrx_word' id='word_1_309' title='bbox 305 3909 346 3971; x_wconf 85' lang='lat' dir='ltr'>cf.</span> <span class='ocrx_word' id='word_1_310' title='bbox 369 3910 387 3979; x_wconf 69' lang='lat' dir='ltr'>i</span> <span class='ocrx_word' id='word_1_311' title='bbox 411 3912 441 3971; x_wconf 87' lang='grc'>8.</span> <span class='ocrx_word' id='word_1_312' title='bbox 466 3911 588 3986; x_wconf 87' lang='lat' dir='ltr'>Nempe</span> <span class='ocrx_word' id='word_1_313' title='bbox 614 3914 642 3969; x_wconf 87' lang='lat' dir='ltr'><em>A</em></span> <span class='ocrx_word' id='word_1_314' title='bbox 664 3913 714 3987; x_wconf 83' lang='lat'>15,</span> <span class='ocrx_word' id='word_1_315' title='bbox 739 3914 803 3971; x_wconf 81' lang='lat'>374</span> <span class='ocrx_word' id='word_1_316' title='bbox 827 3906 938 3993; x_wconf 80' lang='grc' dir='ltr'><strong><em>χρυσέῳ</em></strong></span> <span class='ocrx_word' id='word_1_317' title='bbox 958 3906 1017 3967; x_wconf 81' lang='grc' dir='ltr'><strong><em>ἀνὰ</em></strong></span> <span class='ocrx_word' id='word_1_318' title='bbox 1036 3908 1159 3980; x_wconf 84' lang='lat' dir='ltr'>(Nauck</span> <span class='ocrx_word' id='word_1_319' title='bbox 1179 3903 1290 3988; x_wconf 79' lang='grc' dir='ltr'><strong><em>χρυσέῳ</em></strong></span> <span class='ocrx_word' id='word_1_320' title='bbox 1310 3902 1370 3982; x_wconf 76' lang='grc' dir='ltr'><strong><em>ἂν),</em></strong></span> 
     </span>
    </p>

    <p class='ocr_par' dir='ltr' id='par_1_11' title="bbox 105 3992 1371 4104">
     <span class='ocr_line' id='line_1_34' title="bbox 105 3992 1371 4104; baseline 0 -31"><span class='ocrx_word' id='word_1_321' title='bbox 105 3992 133 4055; x_wconf 77' lang='grc' dir='ltr'>Ε</span> <span class='ocrx_word' id='word_1_322' title='bbox 155 4010 218 4077; x_wconf 79' lang='grc'>387</span> <span class='ocrx_word' id='word_1_323' title='bbox 240 4013 351 4095; x_wconf 78' lang='grc' dir='ltr'><strong><em>χαλκὲιι</em></strong></span> <span class='ocrx_word' id='word_1_324' title='bbox 375 4011 404 4076; x_wconf 86' lang='grc' dir='ltr'>δ’</span> <span class='ocrx_word' id='word_1_325' title='bbox 430 4014 462 4077; x_wconf 77' lang='grc' dir='ltr'><strong><em>ἒν</em></strong></span> <span class='ocrx_word' id='word_1_326' title='bbox 486 4018 558 4092; x_wconf 85' lang='lat' dir='ltr'>(leg.</span> <span class='ocrx_word' id='word_1_327' title='bbox 573 4016 698 4104; x_wconf 77' lang='grc' dir='ltr'><strong><em>’χαλκέῳ</em></strong></span> <span class='ocrx_word' id='word_1_328' title='bbox 717 4018 771 4095; x_wconf 86' lang='grc' dir='ltr'><strong><em>ε’ν),</em></strong></span> <span class='ocrx_word' id='word_1_329' title='bbox 789 4020 813 4077; x_wconf 86' lang='grc' dir='ltr'><strong><em>Β</em></strong></span> <span class='ocrx_word' id='word_1_330' title='bbox 833 3992 1042 4096; x_wconf 43' lang='lat' dir='ltr'>mopinot»</span> <span class='ocrx_word' id='word_1_331' title='bbox 1066 4015 1098 4077; x_wconf 87' lang='grc' dir='ltr'>δέ</span> <span class='ocrx_word' id='word_1_332' title='bbox 1122 4038 1172 4093; x_wconf 87' lang='grc' dir='ltr'><strong><em>μοι</em></strong></span> <span class='ocrx_word' id='word_1_333' title='bbox 1203 4016 1274 4089; x_wconf 85' lang='lat' dir='ltr'>(leg.</span> <span class='ocrx_word' id='word_1_334' title='bbox 1290 4013 1371 4092; x_wconf 77' lang='grc' dir='ltr'><strong><em>’χάλ-</em></strong></span> 
     </span>
    </p>

    <p class='ocr_par' dir='ltr' id='par_1_12' title="bbox 109 4100 1371 4269">
     <span class='ocr_line' id='line_1_35' title="bbox 109 4100 1371 4227; baseline 0 -44"><span class='ocrx_word' id='word_1_335' title='bbox 109 4120 184 4177; x_wconf 62' lang='grc' dir='ltr'><strong><em>’διον</em></strong></span> <span class='ocrx_word' id='word_1_336' title='bbox 205 4118 257 4201; x_wconf 71' lang='grc' dir='ltr'><strong><em>δ’),</em></strong></span> <span class='ocrx_word' id='word_1_337' title='bbox 287 4100 405 4187; x_wconf 48' lang='grc' dir='ltr'>Σν222</span> <span class='ocrx_word' id='word_1_338' title='bbox 436 4122 495 4187; x_wconf 80' lang='grc' dir='ltr'>ὄπα</span> <span class='ocrx_word' id='word_1_339' title='bbox 524 4123 650 4227; x_wconf 52' lang='grc' dir='ltr'><strong><em>χαλκέην</em></strong></span> <span class='ocrx_word' id='word_1_340' title='bbox 677 4129 753 4190; x_wconf 89' lang='lat' dir='ltr'>Zen.</span> <span class='ocrx_word' id='word_1_341' title='bbox 778 4126 911 4205; x_wconf 81' lang='grc' dir='ltr'><strong><em>(χάλκεον</em></strong></span> <span class='ocrx_word' id='word_1_342' title='bbox 934 4100 1055 4203; x_wconf 60' lang='grc' dir='ltr'><strong><em>κλύζε),</em></strong></span> <span class='ocrx_word' id='word_1_343' title='bbox 1080 4127 1154 4204; x_wconf 83' lang='grc' dir='ltr'>η86</span> <span class='ocrx_word' id='word_1_344' title='bbox 1178 4125 1293 4226; x_wconf 59' lang='grc' dir='ltr'><strong><em>χάλκερι</em></strong></span> <span class='ocrx_word' id='word_1_345' title='bbox 1317 4121 1371 4202; x_wconf 77' lang='grc' dir='ltr'><strong><em>μὲν</em></strong></span> 
     </span>
     <span class='ocr_line' id='line_1_36' title="bbox 118 4236 320 4269; baseline 0.01 -2"><span class='ocrx_word' id='word_1_346' title='bbox 118 4236 320 4269; x_wconf 33' lang='lat' dir='ltr'>N...-</span> 
     </span>
    </p>
   </div>
   <div class='ocr_carea' id='block_1_7' title="bbox 10 4302 1370 4605">
    <p class='ocr_par' dir='ltr' id='par_1_13' title="bbox 10 4302 1370 4605">
     <span class='ocr_line' id='line_1_37' title="bbox 147 4302 1332 4385; baseline -0.003 -18"><span class='ocrx_word' id='word_1_347' title='bbox 147 4302 163 4367; x_wconf 88' lang='grc' dir='ltr'>ι)</span> <span class='ocrx_word' id='word_1_348' title='bbox 175 4314 242 4366; x_wconf 77' lang='lat' dir='ltr'>Unus</span> <span class='ocrx_word' id='word_1_349' title='bbox 260 4330 351 4366; x_wconf 75' lang='lat' dir='ltr'>vernus</span> <span class='ocrx_word' id='word_1_350' title='bbox 368 4336 383 4367; x_wconf 86' lang='grc' dir='ltr'>ιι</span> <span class='ocrx_word' id='word_1_351' title='bbox 400 4319 449 4365; x_wconf 76' lang='lat' dir='ltr'>aio</span> <span class='ocrx_word' id='word_1_352' title='bbox 466 4320 601 4378; x_wconf 75' lang='lat' dir='ltr'>repugnat,</span> <span class='ocrx_word' id='word_1_353' title='bbox 618 4321 692 4385; x_wconf 77' lang='grc' dir='ltr'><strong><em>αὐτὰρ</em></strong></span> <span class='ocrx_word' id='word_1_354' title='bbox 710 4326 768 4374; x_wconf 83' lang='grc' dir='ltr'><strong><em>νοῦς,</em></strong></span> <span class='ocrx_word' id='word_1_355' title='bbox 786 4320 831 4366; x_wconf 92' lang='lat' dir='ltr'>ubi</span> <span class='ocrx_word' id='word_1_356' title='bbox 849 4321 906 4365; x_wconf 76' lang='grc' dir='ltr'><strong><em>ἀλλὰ</em></strong></span> <span class='ocrx_word' id='word_1_357' title='bbox 925 4322 975 4371; x_wconf 77' lang='grc' dir='ltr'><strong><em>νόος</em></strong></span> <span class='ocrx_word' id='word_1_358' title='bbox 991 4318 1130 4377; x_wconf 82' lang='lat' dir='ltr'>legendnm</span> <span class='ocrx_word' id='word_1_359' title='bbox 1149 4332 1205 4365; x_wconf 88' lang='lat' dir='ltr'>esse</span> <span class='ocrx_word' id='word_1_360' title='bbox 1223 4318 1332 4364; x_wconf 87' lang='lat' dir='ltr'>videtur.</span> 
     </span>
     <span class='ocr_line' id='line_1_38' title="bbox 10 4384 1369 4465; baseline -0.001 -20"><span class='ocrx_word' id='word_1_361' title='bbox 10 4398 72 4453; x_wconf 67' lang='grc' dir='ltr'>υξῦ·</span> <span class='ocrx_word' id='word_1_362' title='bbox 147 4384 213 4449; x_wconf 71' lang='lat' dir='ltr'>’iiii</span> <span class='ocrx_word' id='word_1_363' title='bbox 228 4402 343 4465; x_wconf 78' lang='grc' dir='ltr'><strong><em>χιλμάρσν</em></strong></span> <span class='ocrx_word' id='word_1_364' title='bbox 361 4398 423 4445; x_wconf 76' lang='lat' dir='ltr'>Hes</span> <span class='ocrx_word' id='word_1_365' title='bbox 440 4398 516 4457; x_wconf 91' lang='lat' dir='ltr'>Oper.</span> <span class='ocrx_word' id='word_1_366' title='bbox 535 4398 592 4457; x_wconf 78' lang='grc'><strong><em>026,</em></strong></span> <span class='ocrx_word' id='word_1_367' title='bbox 610 4402 728 4461; x_wconf 76' lang='grc' dir='ltr'><strong><em>Χιλμορος</em></strong></span> <span class='ocrx_word' id='word_1_368' title='bbox 744 4401 822 4451; x_wconf 81' lang='lat' dir='ltr'>[nom.</span> <span class='ocrx_word' id='word_1_369' title='bbox 839 4404 936 4457; x_wconf 86' lang='lat' dir='ltr'>propr.)</span> <span class='ocrx_word' id='word_1_370' title='bbox 954 4399 979 4443; x_wconf 91' lang='lat' dir='ltr'>in</span> <span class='ocrx_word' id='word_1_371' title='bbox 997 4398 1112 4457; x_wconf 88' lang='lat' dir='ltr'>inscript.</span> <span class='ocrx_word' id='word_1_372' title='bbox 1131 4397 1204 4443; x_wconf 88' lang='lat' dir='ltr'>Loor.</span> <span class='ocrx_word' id='word_1_373' title='bbox 1223 4398 1287 4444; x_wconf 78' lang='lat'>1485</span> <span class='ocrx_word' id='word_1_374' title='bbox 1306 4398 1369 4445; x_wconf 81' lang='lat' dir='ltr'>(loll.</span> 
     </span>
     <span class='ocr_line' id='line_1_39' title="bbox 149 4462 1370 4541; baseline -0.002 -14"><span class='ocrx_word' id='word_1_375' title='bbox 149 4462 229 4527; x_wconf 54' lang='lat' dir='ltr'>ilitio</span> <span class='ocrx_word' id='word_1_376' title='bbox 245 4478 360 4539; x_wconf 78' lang='lat' dir='ltr'>pertinet</span> <span class='ocrx_word' id='word_1_377' title='bbox 375 4479 482 4541; x_wconf 78' lang='grc' dir='ltr'><strong><em>δνσλριιος</em></strong></span> <span class='ocrx_word' id='word_1_378' title='bbox 506 4476 521 4522; x_wconf 87' lang='grc' dir='ltr'><strong><em>δ</em></strong></span> <span class='ocrx_word' id='word_1_379' title='bbox 538 4477 596 4532; x_wconf 81' lang='grc'><strong><em>809,</em></strong></span> <span class='ocrx_word' id='word_1_380' title='bbox 613 4491 672 4523; x_wconf 76' lang='lat' dir='ltr'>nem</span> <span class='ocrx_word' id='word_1_381' title='bbox 686 4478 784 4541; x_wconf 80' lang='grc' dir='ltr'><strong><em>Ὀνιιρος</em></strong></span> <span class='ocrx_word' id='word_1_382' title='bbox 803 4477 901 4537; x_wconf 88' lang='lat' dir='ltr'>proprii</span> <span class='ocrx_word' id='word_1_383' title='bbox 918 4476 1029 4523; x_wconf 88' lang='lat' dir='ltr'>nominis</span> <span class='ocrx_word' id='word_1_384' title='bbox 1048 4478 1097 4522; x_wconf 86' lang='lat' dir='ltr'>vim</span> <span class='ocrx_word' id='word_1_385' title='bbox 1115 4477 1215 4523; x_wconf 89' lang='lat' dir='ltr'>obtinet</span> <span class='ocrx_word' id='word_1_386' title='bbox 1233 4478 1370 4537; x_wconf 88' lang='lat' dir='ltr'>compluri-</span> 
     </span>
     <span class='ocr_line' id='line_1_40' title="bbox 125 4548 396 4605; baseline 0.007 -4"><span class='ocrx_word' id='word_1_387' title='bbox 125 4548 161 4601; x_wconf 67' lang='grc' dir='ltr'>διο</span> <span class='ocrx_word' id='word_1_388' title='bbox 172 4552 231 4604; x_wconf 79' lang='lat' dir='ltr'>loeis</span> <span class='ocrx_word' id='word_1_389' title='bbox 245 4556 396 4605; x_wconf 68' lang='lat' dir='ltr'>nonensis</span> 
     </span>
    </p>
   </div>
   <div class='ocr_carea' id='block_1_8' title="bbox 0 0 1546 5100">
    <p class='ocr_par' dir='ltr' id='par_1_14' title="bbox 0 0 1546 5100">
     <span class='ocr_line' id='line_1_41' title="bbox 0 0 1546 5100; baseline 0 2"><span class='ocrx_word' id='word_1_390' title='bbox 0 0 1546 5100; x_wconf 95' lang='lat' dir='ltr'> </span> 
     </span>
    </p>
   </div>
  </div>
 </body>
</html>
