3120 5124
152 418 166 486 l
185 418 223 490 29]

151 607 255 678 quotuor
275 606 355 667 iocis
378 608 528 681 corrupta
548 606 670 667 fuerit?
693 606 838 666 Alterius
862 608 1007 681 speciosa
1034 612 1126 671 extat
1149 612 1170 673 i.
1183 628 1210 673 a.
1235 609 1381 693 ἁδροτῆτα

151 706 188 767 roi
210 705 355 788 ἀδροτῆτα,
384 709 469 783 quod
501 723 619 769 nomon
650 708 690 768 ab
721 707 879 769 adieciivo
905 704 995 787 ἁδρός
1015 710 1148 786 floridos
1170 714 1381 778 derivandum

149 813 220 886 scol,
250 811 289 873 cf.
330 806 484 890 ἆδροσύνη
516 810 568 871 vol
602 806 756 887 ἀδροσύνῃ
787 810 916 871 Hesiod.
949 811 1005 886 Op.
1037 815 1101 875 473
1130 817 1163 875 et
1190 818 1252 878 vid.
1281 820 1382 881 Lehrs

147 911 232 972 Arist.¹
251 928 281 987 p.
306 913 372 974 260
395 928 461 988 sq.;
486 928 561 974 oum
583 915 695 972 tamon
722 913 756 972 in
779 912 960 973 Homericis
984 916 1063 975 haec
1086 918 1186 991 stirps
1209 934 1273 979 non
1296 937 1380 997 repe·

146 1011 229 1088 riatur,
254 1015 523 1086 acquiescendum
547 1015 675 1076 videtur
697 1015 731 1074 in
754 1014 891 1074 lectione
914 1015 1090 1077 diiiiciiioro
1114 1015 1278 1098 ἀνδροτῆτα
1302 1023 1334 1094 ¹).

177 1113 450 1177 Commemoranda
480 1116 616 1190 deniquo
646 1118 677 1177 h.
697 1116 730 1192 l.,
763 1117 820 1176 sed
849 1118 885 1175 ut
909 1117 1070 1193 reiciatur,
1102 1122 1153 1180 est
1175 1121 1270 1183 lectio
1293 1140 1380 1186 men·

142 1215 200 1276 dosa
217 1214 246 1277 τέ
266 1215 393 1296 corloon
425 1239 439 1278 ε
461 1220 536 1280 426.
569 1218 644 1278 Sino
667 1232 767 1278 causa
790 1221 903 1277 contra
927 1220 1069 1279 metrum
1092 1221 1140 1281 ita
1161 1237 1293 1296 peccare
1316 1241 1378 1287 non

141 1317 221 1389 potuit
240 1319 350 1393 poeta3
376 1319 486 1379 minus
508 1318 609 1379 otiam
633 1317 763 1378 ferenda
786 1319 836 1377 ssi
854 1317 949 1377 lectio
972 1319 1097 1379 duobus
1119 1321 1208 1383 vitiis
1231 1324 1381 1388 laborans

141 1413 301 1496 δέστᾶθμοί
320 1441 341 1497 η
364 1421 418 1482 89.

171 1518 229 1581 Non
257 1520 374 1583 vitioso
405 1524 482 1583 sunt
511 1522 632 1582 tradita
657 1526 798 1599 πᾶνῆμαρ
821 1543 839 1578 ν
863 1522 903 1581 31
929 1523 963 1582 et
985 1519 1176 1601 πᾶνημὲριος,
1198 1541 1301 1601 neque
1324 1546 1381 1604 per

138 1617 276 1683 licentiam
311 1625 482 1685 metricam
518 1641 560 1684 ex
593 1631 750 1702 παντῆμαρ
781 1625 815 1684 et
844 1621 1042 1702 παντημέριος
1075 1626 1269 1706 prodierunt,
1304 1630 1380 1692 lieet

138 1721 243 1798 lingum
269 1728 353 1788 ratio
384 1728 533 1789 videatur
563 1728 645 1789 ferro
676 1728 713 1788 ui
735 1727 853 1787 ultima
879 1727 997 1787 radicis
1020 1728 1130 1788 littora
1153 1751 1168 1787 τ
1190 1746 1254 1790 non
1275 1734 1404 1807 regio.

139 1827 221 1903 eatur,
250 1829 305 1889 sod
336 1829 399 1890 duo
429 1830 561 1889 nomina
583 1829 676 1889 iuxta
698 1830 814 1904 posita,
837 1837 899 1887 πᾶν
921 1831 954 1889 oi
976 1818 1065 1906 ἦμαρ,
1087 1829 1120 1888 in
1145 1846 1243 1891 unam
1267 1849 1378 1895 vocem

139 1927 305 2003 conduxere,
336 1931 457 1991 vocalis
484 1933 595 1991 autom
623 1931 734 2005 stirpis
757 1933 869 2000 noviti·
892 1932 964 1991 tum
988 1930 1120 1990 domum
1142 1932 1273 2004 produci
1297 1935 1381 1995 solet

140 2041 198 2088 oum
223 2030 381 2104 inbossrnm
411 2047 469 2108 per
498 2049 534 2094 se
565 2031 665 2093 officit
693 2031 900 2107 adieoiivum,
933 2039 1011 2105 πᾶν;
1036 2032 1069 2090 in
1092 2035 1280 2106 compositis
1304 2052 1379 2097 voro

141 2125 211 2203 dxiv,
235 2132 364 2211 σύμπᾶν,
384 2132 515 2214 apium,
536 2132 569 2194 rb
594 2131 747 2212 παράπᾶν,
770 2133 877 2192 brevis
900 2133 1012 2191 manet
1035 2135 1068 2207 ²),
1092 2133 1173 2192 item
1197 2135 1230 2193 in
1253 2152 1377 2212 compo·

140 2229 190 2290 sito
206 2236 308 2296 nostro
330 2240 472 2314 πᾶνῆμαρ
496 2237 529 2297 et
551 2237 709 2297 adisoiivo
732 2236 816 2310 quod
835 2235 909 2294 indo
929 2235 1055 2295 ducitur
1081 2232 1271 2313 πᾶνημέριος.
1294 2239 1378 2300 Hinc

140 2329 309 2407 intoilcgiiur
327 2336 479 2398 adisoiivi
497 2336 672 2408 πᾰνάπαλος
692 2336 832 2410 primam
848 2334 1009 2408 syllabam
1024 2356 1039 2392 v
1052 2335 1115 2394 223
1133 2350 1245 2397 nonex
1256 2340 1377 2398 savoi-

142 2433 215 2504 ulor
232 2438 384 2510 prodiisse
406 2439 463 2499 sod
487 2441 616 2513 propior
639 2453 772 2499 oausam
795 2451 878 2509 quae
900 2437 917 2505 ἐ
942 2437 981 2494 21
1007 2437 1146 2495 indicata
1165 2442 1216 2498 ost
1239 2443 1378 2514 produci.

619 2661 861 2670 ————-—·

615 2841 800 2925 CAPUT
824 2841 878 2924 ll.

572 3020 631 3080 on
656 3020 915 3080 oousours.

489 3330 516 3386 1.
555 3331 605 3386 Do
626 3328 786 3385 consonis
805 3328 1003 3384 mobilibus.

526 3487 564 3547 A.
590 3487 633 3545 De
656 3485 796 3545 emmonis
818 3485 972 3560 finalibus.

177 3638 253 3724 llo.
287 3651 451 3712 consonae
486 3650 622 3711 mobiles
655 3649 688 3708 in
719 3664 836 3708 vocum
871 3648 961 3707 exitu
996 3647 1102 3720 prouti
1138 3648 1200 3707 ieri
1237 3651 1378 3707 metrum

142 3746 351 3815 minorant
373 3754 577 3828 omittuntur,
602 3751 696 3810 modo
721 3750 876 3822 sequendo
900 3764 1040 3808 consona
1065 3749 1159 3809 modo
1185 3749 1297 3808 vocali.
1318 3748 1379 3807 Ubi

141 3852 353 3918 murmurem
377 3851 504 3931 absunt,
529 3853 662 3913 olisiono
686 3855 819 3911 cavatur
840 3866 879 3910 no
904 3850 962 3910 fiai
985 3851 1094 3910 hiatus
1108 3850 1147 3924 ³);
1173 3850 1235 3909 vid.
1256 3850 1274 3917 ἓ
1295 3852 1346 3908 13.

143 3984 330 4005 Ἢ

169 4053 183 4114 ¹)
194 4060 225 4109 Do
238 4065 411 4113 infelicissimo
434 4063 551 4111 clommii
568 4063 712 4109 oommsnbo
730 4065 831 4106 λιποῦσα
850 4060 950 4122 doctore
970 4059 1058 4104 [1857
1078 4061 1103 4101 Χ
1123 4058 1171 4102 363
1189 4057 1239 4102 vid.
1258 4057 1380 4103 Lndwioh

142 4134 201 4185 Ami
221 4142 243 4189 lI
266 4152 291 4206 p:
314 4145 363 4192 859
388 4147 454 4199 ποις
480 4145 522 4190 rix
545 4143 644 4198 melior,
667 4142 728 4188 licet
752 4143 833 4186 mairo
857 4141 926 4185 osric
948 4152 998 4184 non
1021 4137 1099 4181 iuviio
1121 4136 1154 4180 sii
1172 4137 1322 4194 excogitato,
1341 4138 1381 4181 osi

142 4211 225 4267 &lieri
239 4225 381 4272 ooniectura
397 4227 498 4290 ἂρηῆια
516 4227 572 4284 (pro
590 4226 660 4289 bostri
675 4224 692 4281 ).

167 4290 279 4356 'iflimiliir
296 4306 336 4351 osi
351 4305 416 4351 ratio
434 4317 500 4364 quas
518 4304 586 4350 inber
604 4302 715 4362 simplex
732 4304 789 4353 πούς
807 4302 834 4346 oi
851 4298 991 4357 compositu
1007 4297 1116 4347 rioldum
1134 4297 1153 4340 θ
1170 4296 1217 4338 409
1232 4295 1256 4337 ii
1273 4294 1312 4345 li,
1324 4295 1379 4352 159,

142 4369 217 4431 bons
231 4385 243 4426 r
257 4382 302 4429 ooo
320 4389 339 4429 s
357 4385 415 4443 oio,
434 4388 515 4448 spino
532 4388 559 4430 x
576 4384 623 4430 roi
642 4381 785 4428 intercedit.

168 4446 186 4507 ²i
204 4455 332 4522 corripitur
357 4466 444 4510 autem
471 4462 585 4509 adverbii
610 4463 671 4508 adro
696 4459 795 4518 syllaba
821 4458 904 4503 linaiis
931 4475 944 4514 γ
967 4457 1014 4500 315
1043 4454 1102 4498 clito
1129 4454 1227 4515 bucolici
1244 4470 1289 4510 ους,
1319 4452 1323 4460 ’

144 4532 163 4574 Γ
172 4535 287 4588 libam.
