3120 5124
750 400 814 459 324
1292 398 1313 469 [ᾖ

187 588 350 647 Iudicandi
384 588 520 660 denique
549 588 675 647 restant
704 585 766 647 loci
797 602 881 647 unus
905 589 938 647 ei:
965 586 1058 664 alter,
1081 587 1137 647 ubi
1160 584 1313 646 termini-

142 704 242 749 sonus
263 687 371 748 finalis
393 689 538 749 abiectus
560 690 612 749 est
635 688 705 747 sine
728 687 795 747 ulia
819 688 1013 748 necessitate
1037 688 1185 748 metrica.
1213 685 1313 761 Quales

142 793 215 866 post
244 792 354 851 omnia
386 806 468 864 quae
502 791 742 866 disputavimus
778 805 842 850 non
876 793 1014 865 possunt
1049 807 1114 852 non
1153 804 1226 851 esse
1259 802 1313 862 sus]

143 893 290 953 videatur
312 895 422 953 autem
447 893 595 954 lectionis
618 893 761 954 varietas
785 896 814 950 Σ
838 893 888 952 14.
915 892 1054 954 Cunctos
1078 892 1242 953 indicabo:

188 993 294 1054 Proca.

275 1090 341 1171 ἴμεν
362 1111 418 1170 pro
442 1095 540 1172 ἴμεναι
559 1097 677 1170 legitur
701 1099 730 1155 A
756 1097 819 1156 170
842 1099 882 1167 (Σ
907 1098 947 1155 14
971 1097 1037 1165 Ar.)
1064 1097 1093 1153 Φ
1113 1096 1176 1155 297
1197 1093 1313 1152 9289

319 1183 389 1267 (έλ
414 1198 466 1274 50,
499 1199 551 1268 89)
583 1201 599 1256 λ
625 1199 686 1258 148
719 1219 735 1257 o
770 1199 809 1257 79
843 1197 1065 1274 (δειπνήσαντες
1099 1197 1176 1275 ἴμεν,
1210 1195 1270 1268 leg.
1301 1193 1312 1217 ‘

319 1297 437 1374 ἴμεναι).
453 1333 491 1342 -
510 1300 580 1359 Non
604 1300 665 1360 huc
688 1299 791 1359 refero
816 1314 947 1359 versum
973 1301 997 1357 P
1022 1300 1094 1374 155,
1131 1298 1186 1358 ubi
1209 1295 1313 1373 ἴμενίι

320 1401 381 1460 tivi
403 1402 453 1460 est
480 1403 670 1476 1³persona
692 1401 786 1475 plur,
810 1401 843 1459 ni
866 1400 960 1461 iaiior
984 1401 1034 1471 (ci.
1059 1415 1131 1474 pag.
1158 1399 1276 1473 315‚1).

275 1498 499 1579 ἔμεντέμεναι
523 1504 551 1560 Δ
574 1503 637 1561 299
663 1502 691 1559 Ε
713 1503 777 1562 316
801 1522 814 1560 ε
839 1503 901 1562 257
927 1505 943 1560 λ
968 1504 1044 1563 364.

189 1603 263 1664 Aer.
288 1603 331 1662 Π.

275 1700 368 1780 θέμεν
390 1728 423 1748 =
445 1701 569 1781 θέμεναι
603 1727 627 1780 φ
659 1706 745 1776 3(=
769 1706 809 1765 81
835 1727 858 1764 ω
893 1707 975 1781 168),
1000 1705 1058 1765 sed
1080 1704 1215 1765 dubium
1240 1717 1302 1762 non

319 1809 373 1865 tur
388 1806 465 1878 quin
484 1821 540 1881 pro
558 1804 753 1884 μνηστήρεσσι
774 1802 867 1883 θέμεν
888 1805 1129 1866 rescribendum
1148 1806 1193 1864 sit
1215 1803 1313 1880 ‘pepo

318 1906 453 1986 θέμεναι,
475 1924 549 1969 cum
573 1908 764 1982 praesertim
787 1904 912 1984 θέμενοι
935 1908 968 1966 111
988 1905 1281 1981 praestantissimis
1300 1919 1313 1965 ο

319 2010 379 2070 bus
398 2009 533 2083 legatur.
557 2009 652 2068 Redit
670 2005 763 2085 θέμεν
786 2009 862 2069 Hes.
887 2009 978 2082 Oper.
1002 2010 1057 2084 67,
1081 2005 1114 2066 ἐν
1139 2002 1313 2085 δὲζθέμενν

320 2131 350 2169 τε
381 2109 454 2171 νόον
484 2107 535 2169 καὶ
564 2107 731 2189 ἐπίκλοπονι
754 2100 843 2187 ἦθος,
871 2110 926 2169 ubi
950 2110 1089 2170 fortasse
1117 2109 1179 2169 fuit
1202 2109 1280 2169 olim
1304 2107 1313 2130 ¹

320 2210 392 2271 νόον
415 2211 524 2271 κύνεον
546 2206 681 2288 θέμεναι,
704 2227 835 2271 versum
859 2214 971 2272 autem
994 2226 1058 2272 non
1082 2211 1255 2284 antiquum
1273 2224 1313 2269 au

162 2393 165 2396 ῃ
319 2312 481 2383 integrum
505 2328 577 2373 esse
600 2312 707 2385 arguit
730 2313 896 2386 digamma
921 2312 1009 2372 vocis
1032 2302 1110 2388 ἦθος
1133 2310 1313 2386 neglectum

277 2411 367 2490 δόμεν
390 2438 423 2458 =
446 2410 568 2489 δόμεναι
592 2416 620 2471 Δ
642 2415 706 2474 379
730 2412 782 2472 καί
803 2412 841 2491 do
861 2412 939 2490 μάλα
957 2412 1092 2473 λίσσοντο
1112 2412 1214 2491 δόμεν,
1232 2412 1313 2471 nbi(

320 2515 434 2576 vocula
468 2512 516 2591 ῥα,
546 2529 669 2587 quaec
693 2531 789 2575 versu
811 2516 1014 2589 praecedenti
1040 2515 1226 2589 irrepserat,
1250 2527 1313 2574 rese

320 2631 394 2676 mus
429 2612 493 2673 ‘unt
524 2614 602 2691 μάλα
620 2610 767 2676 ’λίσσοντο
799 2614 931 2694 δόμεναι,
961 2619 994 2676 eb
1018 2618 1037 2674 i
1057 2618 1121 2677 571
1152 2614 1244 2693 δόμεν
1266 2611 1313 2672 θόι

323 2718 377 2777 ubi
400 2733 515 2778 verum
539 2717 664 2777 videtur
690 2715 798 2795 ’μόρον
821 2715 952 2794 δόμεναι.

187 2817 311 2892 Perfeci.

277 2918 386 2996 Ηόμεν
419 2935 476 2995 pro
509 2918 650 2997 Ηόμεναι
680 2923 711 2977 Λ
739 2921 801 2980 719
832 2912 858 2997 μ’
885 2917 943 2997 ἔφη
973 2919 1068 2997 ἴδμεν,
1099 2920 1153 2980 ubi
1185 2919 1313 2982 cuiusvb

324 3021 494 3081 restituere
527 3020 576 3097 ’με
605 3014 720 3098 σίδμεν
746 3018 814 3098 ἔφη,
836 3022 916 3081 eto
944 3022 1018 3096 213,
1050 3021 1105 3080 ubi
1138 3019 1313 3098 ‘fede'pevv

326 3138 398 3182 esse
421 3123 633 3196 suspicamur.

191 3226 228 3286 In
259 3224 395 3285 choricis
418 3225 552 3284 canticis
570 3224 723 3298 Aeschyli
745 3223 923 3284 infinitivos
948 3225 981 3283 in
1005 3230 1058 3300 -ῆν
1081 3239 1138 3298 pro
1164 3231 1250 3302 -ῆνσι
1271 3223 1313 3284 dc<

147 3329 198 3387 tes
225 3324 407 3386 Dindoriius
434 3326 486 3385 hic
516 3325 582 3386 iilic
606 3325 840 3400 deprehendere
864 3325 925 3385 sibi
950 3327 1040 3384 visus
1068 3327 1130 3401 est,
1156 3341 1183 3386 e.
1207 3340 1237 3398 g.
1259 3344 1313 3403 χμμ

148 3427 255 3502 Suppi.
275 3428 349 3504 790,
368 3428 449 3487 item
470 3424 586 3486 ἄνοδον
607 3427 745 3503 (inoepb.
767 3429 841 3488 808.
862 3428 956 3487 Lesbi
975 3429 1087 3488 autem
1111 3443 1226 3488 revera
1244 3426 1313 3499 aliqt

149 3531 300 3589 vixerunt
333 3528 482 3589 infinitivi
516 3529 563 3589 ita
596 3529 771 3604 decurtati;
807 3529 847 3589 cf.
885 3527 1013 3589 Curtius
1044 3529 1187 3590 Verbum
1219 3530 1262 3590 11²
1288 3542 1313 3602 p.

148 3633 181 3691 et
204 3631 279 3691 358.

447 3834 487 3893 ΙΙ.
523 3832 568 3892 Dc
584 3833 750 3909 participio
773 3837 797 3893 et
820 3832 964 3892 adieciico
989 3831 1113 3893 emboli.

192 4028 214 4114 fi
236 4030 305 4096 127.
343 4033 514 4108 Participio
538 4034 649 4094 aoristi
670 4050 750 4094 aevo
774 4037 944 4095 cantorum
964 4034 1127 4109 epicorum
1147 4031 1312 4096 nondumi

148 4136 239 4196 rebat
260 4135 348 4195 notio
371 4135 527 4209 temporis
551 4136 686 4210 peracti3
708 4136 863 4196 inservire
883 4136 981 4208 igitur
1007 4137 1133 4210 poterat
1153 4138 1194 4197 ad
1218 4149 1313 4196 enunc

149 4253 187 4299 ea
210 4253 291 4311 quae
314 4252 377 4297 non
401 4240 477 4298 ante
500 4238 661 4298 actionem
685 4238 873 4312 primariam
897 4238 983 4297 facta
1006 4239 1118 4298 essent
1141 4239 1198 4298 sed
1222 4252 1313 4299 eam*

148 4342 304 4400 tarentur.
328 4338 362 4397 Ε.
387 4353 435 4411 g.:

282 4438 444 4515 μειδήσασα
469 4434 501 4498 δὲ
525 4437 632 4511 παιδὸς
655 4436 771 4511 ἐδέξατο
795 4435 867 4517 χειρὶ
889 4439 1046 4514 κύπελλον,
1284 4439 1310 4496 A

148 4557 231 4614 quae
263 4542 417 4602 vertenda
448 4557 511 4602 non
539 4543 616 4601 sunt
646 4545 813 4614 postquam
848 4541 973 4601 ecbrteii
1004 4542 1061 4602 sed
1092 4542 1199 4602 radone
1223 4538 1313 4616 potui
