3120 5124
127 411 140 481 λ
156 412 214 482 122]
695 414 758 472 311

156 599 313 672 Postquam
350 596 567 658 tractavimus
597 597 797 658 subiunctivi
826 598 949 659 formas
979 613 1062 671 quae
1093 599 1226 660 brevem
1250 600 1371 661 habent

125 699 247 776 vocalem,
260 699 499 775 perpendamus
511 700 637 774 oportet
649 697 875 760 difficultatem
888 716 970 774 quae
981 701 1067 760 inest
1079 700 1212 774 reliquis
1223 702 1370 776 personis

123 800 237 863 eiusdem
268 800 544 862 conformationis.
576 799 699 875 Nempe
720 800 748 859 si
771 801 876 860 textui
894 802 1013 863 tradito
1032 801 1112 862 lidos
1137 805 1188 863 est
1212 803 1370 879 habenda,

122 902 192 963 llexlo
209 902 407 963 athematica
431 903 464 962 in
487 902 598 976 lingua
621 902 711 977 epioe
736 904 833 963 hasce
856 904 981 979 peperit
1007 904 1206 965 subiunctivi
1230 904 1369 978 figuras:

335 1023 375 1062 -01
441 1024 492 1086 'm
521 1025 555 1085 -ῃ
624 1023 705 1063 -ἒῐθν
757 1025 844 1080 -ομἒν
898 1025 956 1064 -ἒτε
1016 1022 1095 1082 -ωσι,

335 1126 421 1181 -σμαι
443 1125 504 1164 -εαι
525 1126 601 1164 -ετσιι
624 1109 737 1182 ῃσθον
759 1108 873 1182 -ομεθα
896 1111 988 1184 code
1015 1128 1128 1167 -ωνται,

151 1207 271 1268 Formae
301 1207 410 1282 igitur,
438 1207 477 1268 de
508 1221 646 1281 quarum
678 1207 781 1267 vocali
805 1209 949 1267 metrum
976 1209 1130 1270 certiores
1153 1224 1212 1269 nos
1236 1209 1368 1270 reddere

122 1310 210 1384 potest,
231 1309 365 1369 brevem
384 1323 458 1370 eam
481 1308 610 1385 habent,
632 1309 757 1369 ceterae
770 1307 910 1381 longam.
936 1309 980 1368 At
998 1311 1072 1384 quis
1091 1312 1237 1384 praestat
1253 1310 1368 1384 longas

122 1407 172 1470 llee
190 1409 317 1471 vocales
339 1432 358 1487 η
382 1411 415 1470 et
439 1431 462 1468 ω
485 1409 643 1482 genuinae
666 1410 763 1470 esse?
791 1410 982 1482 Antiquitus
1006 1412 1093 1471 enim
1124 1411 1253 1471 litterae
1274 1413 1367 1470 -ΕΙΣ

122 1511 165 1569 lll
176 1512 207 1572 et
225 1532 276 1594 ῃς
298 1533 334 1594 ῃ
352 1509 578 1585 significabant
600 1513 634 1571 et
656 1532 712 1582 -εις
736 1532 785 1587 -ει,
812 1511 976 1570 -ΕΣΘΟΝ
996 1512 1127 1571 -ΕΣΘΕ
1151 1528 1226 1573 cum
1250 1517 1365 1589 -ησθον

122 1615 186 1688 eote
212 1613 361 1688 poterant
391 1611 500 1673 valere
522 1613 595 1672 tum
617 1616 724 1671 -εσθον
751 1616 846 1690 -εσθε,
875 1614 966 1671 -ΟΣΙ
986 1615 1133 1672 -ΟΝΤΑΙ
1162 1616 1272 1675 utrum
1297 1630 1365 1673 -ωσι

122 1733 198 1772 eaeo
230 1715 342 1775 essent
375 1713 536 1774 reddenda
563 1728 605 1774 an
632 1730 714 1774 -συσι
747 1736 845 1774 -ονιαι
875 1715 1035 1776 incertum
1060 1717 1145 1789 erat:
1172 1717 1365 1790 quapropter

122 1811 190 1876 totle
217 1815 286 1876 fleri
314 1817 421 1891 potuit
451 1817 487 1876 ut
513 1817 685 1877 verborum
708 1815 839 1893 figurae,
864 1832 946 1890 quas
972 1818 1140 1891 praeberet
1162 1817 1273 1890 lingua
1298 1818 1363 1878 rul-

122 1918 183 1993 tata,
213 1919 246 1978 in
276 1919 407 1978 textum
430 1918 641 1979 Homericum
663 1920 841 1994 irreperent
865 1920 958 1994 culpa
988 1919 1302 1980 transscribentium.
1328 1921 1365 1981 Id

122 2016 203 2090 boum
234 2020 357 2094 autem,
388 2020 472 2093 quod
502 2020 650 2093 analogia
681 2021 793 2096 poscit,
819 2021 851 2080 in
876 2021 1042 2095 inscriptis
1066 2020 1184 2094 legitur
1207 2021 1286 2082 locis
1310 2022 1364 2082 ubi

122 2119 235 2180 oolietus
268 2121 461 2195 sigmaticns
490 2121 684 2195 particulam
707 2143 739 2180 ιιε
763 2118 822 2193 (dv)
846 2123 907 2183 sibi
928 2123 1072 2183 additam
1096 2123 1203 2197 habet,
1229 2139 1256 2183 e.
1277 2138 1306 2196 g.
1335 2122 1369 2182 oi*

122 2215 187 2297 ιε’με
206 2221 361 2299 τιμήσουσι
385 2226 414 2281 Α
440 2224 512 2298 175,
544 2220 629 2298 ἥιίς
651 2244 684 2282 ιιε
714 2222 888 2301 deploraret
911 2219 964 2301 ἠδὲ
987 2222 1095 2283 σαώσει
1120 2225 1147 2281 ll
1172 2224 1225 2299 44,
1250 2223 1364 2296 quales

122 2318 217 2384 formas
237 2338 293 2399 pro
321 2323 440 2384 futuris
459 2324 537 2385 olim
560 2325 688 2385 habitas
712 2340 784 2386 esse
808 2341 906 2401 supra
929 2326 1080 2386 vidimus.
1109 2326 1252 2399 Denique
1276 2341 1364 2387 acce·

122 2420 180 2484 lunt
189 2425 327 2500 lapidum
343 2426 533 2486 testimonia
549 2426 684 2487 minime
708 2427 953 2502 contemnenda,
980 2442 1062 2499 quae
1086 2428 1297 2488 dehortantur
1323 2444 1364 2488 ne

122 2536 176 2585 oon
196 2527 495 2601 transscriptoribus
518 2526 640 2586 formas
656 2542 725 2610 -σῃς
745 2543 796 2610 -σῃ
812 2542 899 2586 -σωσι
916 2530 977 2588 etc.
998 2528 1140 2588 Homero
1160 2529 1363 2603 tribuamus;

122 2637 210 2701 nonpe
242 2628 276 2687 in
312 2627 452 2688 vetustis
483 2627 745 2701 inscriptionibus
779 2629 889 2689 Ionica
923 2629 1059 2689 dialecto
1095 2629 1268 2704 conceptis,
1302 2645 1364 2690 nec

122 2726 211 2786 nonin
235 2727 347 2789 cretae
372 2727 531 2803 lapidibus
554 2729 793 2801 antiquissimis
815 2732 849 2789 et
871 2731 905 2789 in
929 2730 1049 2791 tabulis
1079 2730 1360 2806 Heracleensibus,

122 2825 313 2890 eoblunctivus
336 2830 445 2889 coroblo'
462 2829 565 2904 primi
587 2830 684 2890 habet
707 2831 972 2891 terminationem
997 2833 1068 2905 -El,
1090 2832 1262 2907 praesentio
1286 2846 1362 2892 vero

124 2926 260 2992 etoormi
289 2932 417 2992 emundi
447 2931 674 2992 subiunctivus
697 2947 829 2991 summa
853 2932 1035 2992 constantia
1059 2933 1092 2992 in
1120 2935 1186 2991 -ΗΙ
1209 2933 1287 2993 exit.
1313 2933 1363 2993 Vi-

125 3024 226 3092 lentur
250 3033 338 3093 tituli
362 3048 443 3106 quos
466 3033 637 3093 indicaturi
661 3048 794 3094 sumus:

154 3128 303 3209 Inscriptio
326 3133 465 3209 Ephesia
488 3133 609 3194 saeculi
630 3125 676 3208 V¹,
702 3134 778 3195 ΟΠΞ.
797 3136 882 3194 2953
904 3130 940 3204 Ι);
965 3131 1004 3213 ἣν
1024 3130 1078 3210 μὲν
1100 3131 1270 3213 ἀποκρύψει
1293 3138 1365 3206 (ter)

127 3229 150 3286 θλ
164 3227 247 3312 todoat
269 3236 351 3306 (bis).

157 3329 214 3396 tie,
248 3337 334 3398 3044
360 3333 382 3405 ²)
414 3337 496 3411 lapis
528 3338 624 3397 Teius
649 3339 724 3398 anni
758 3338 824 3398 fere
855 3338 921 3398 470
945 3355 973 3399 a.
1000 3338 1051 3398 (λε
1079 3333 1112 3409 ὃς
1136 3334 1365 3410 ἃν..,ιιιιιάξει

129 3421 301 3510 iudanoma
323 3433 344 3515 ἢ
358 3481 364 3494 .
378 3482 384 3494 .
400 3433 544 3513 ,ποιήσει

159 3533 220 3599 lull.
249 3541 312 3601 381
337 3534 360 3607 ’λ
384 3539 465 3614 lapis
498 3538 613 3600 Chius:
646 3536 685 3617 ἢν
708 3563 789 3612 τις..
805 3537 942 3617 ,ποιήσει
965 3543 999 3601 et
1022 3538 1061 3619 ἢν
1087 3536 1120 3600 δὲ
1145 3539 1185 3618 μὴ
1210 3539 1365 3618 πρήξοισιν

132 3628 187 3711 (bisi,
202 3640 251 3699 sed
272 3637 364 3723 ἐξέλῃ,
387 3636 508 3723 μεθέλῃ,
532 3636 632 3724 μέλλῃ,
655 3637 744 3724 ὄφλῃ,
767 3651 850 3724 ποιῇ,
872 3641 1025 3720 λάβωισιν.

161 3733 289 3813 Gortynia
311 3741 478 3816 inscriptio
502 3741 617 3817 minor,
642 3743 674 3802 in
699 3758 763 3815 qua
786 3742 915 3803 litterae
936 3744 966 3800 H
988 3744 1021 3803 et
1043 3744 1070 3799 E
1092 3743 1265 3803 distinctae
1278 3745 1364 3818 sunt,

135 3828 201 3896 loto
217 3842 432 3903 subiunctivos
452 3842 549 3918 δείξει,
567 3834 700 3921 captioso,
719 3844 869 3921 φυσεύσει,
888 3843 1040 3922 nordgoau,
1060 3835 1150 3925 sedo}
1173 3845 1206 3903 et
1225 3841 1365 3926 τεθνάκῃ.

163 3933 275 4004 Tabulae
306 3944 540 4006 Heracleenses
576 3947 730 4008 exhibent
763 3947 1005 4007 subiunctivum
1036 3944 1155 4025 γράψει,
1184 3945 1267 4006 alias
1291 3942 1366 4029 νέμῃ

136 4029 187 4118 oleo
204 4043 268 4130 λάβῃ
291 4048 449 4122 scriptum
474 4051 533 4109 est.

166 4135 264 4206 Titulus
286 4149 463 4210 Laconicus
487 4150 608 4210 saeculi
632 4143 689 4210 IIIi
714 4145 829 4212 Oauer²
854 4153 914 4212 27:
941 4150 975 4210 dv
998 4173 1037 4210 ια
1060 4149 1177 4229 γράψει.

142 4281 280 4311 X.

161 4393 174 4455 l
187 4402 250 4458 clue
264 4410 332 4461 σοι*
350 4415 407 4476 coe,
424 4416 559 4463 moenum
572 4415 660 4478 lopas
678 4434 703 4480 p.
724 4422 764 4480 ιι,
783 4421 893 4467 aeneas
909 4418 1058 4479 apograpny
1074 4431 1099 4477 p.
1118 4410 1190 4465 roe.‘

161 4470 250 4537 ’lone
265 4495 321 4551 reo,
339 4494 474 4541 mennon
488 4508 514 4554 p.
534 4498 573 4556 oa,
591 4498 700 4546 noberta
718 4512 743 4558 p,
765 4500 819 4546 roe.

162 4550 176 4611 'l
189 4561 251 4617 dener
269 4575 325 4635 496,
343 4573 453 4621 Roberte
469 4588 494 4634 p.
516 4577 561 4622 181
580 4590 635 4638 eqq.
