3120 5124
138 401 152 469 i
168 400 214 470 40]
719 402 781 462 139

142 589 235 665 ,tione,
268 588 507 662 prolixissimos
539 589 638 649 libros
672 590 711 649 de
743 589 908 661 digammo
939 587 1255 661 orthographicisque
1288 587 1383 646 rebus

143 689 299 765 ,perlegere
330 705 395 751 non
426 693 587 767 recusant,
619 691 675 751 sed
707 692 735 751 si
759 692 842 766 quis,
866 693 903 751 ut
926 691 1051 750 fructus
1075 690 1192 762 aliquis
1215 688 1383 748 subtilium

144 793 365 866 ,quaestionum
388 792 428 852 ad
453 793 592 853 nitorem
616 792 797 852 carminum
822 792 1057 852 restituendum
1082 791 1134 851 vel
1153 791 1386 863 impedimenta

145 892 294 967 ,nribendi
329 894 525 954 removenda
558 893 724 969 redundet,
755 894 875 954 tradita
906 893 1004 953 verba
1034 894 1161 952 mutare
1192 906 1292 951 ausus
1324 893 1385 965 est,

146 1009 269 1065 ,omnem
292 995 499 1069 antiquitatis
521 997 739 1056 reverentiam
762 996 838 1055 exui
861 994 1063 1055 clamitant.”
1134 1041 1138 1051 .

176 1395 224 1456 Sed
255 1398 295 1457 ad
330 1399 437 1473 ipsam
470 1415 541 1459 rem
575 1400 641 1459 iam
676 1401 857 1461 veniamus,
893 1401 930 1460 In
966 1400 1086 1474 lingua,
1119 1414 1182 1472 qua
1212 1398 1387 1458 utebantur

146 1501 230 1568 mene
261 1499 373 1559 Iliadis
408 1502 441 1560 et
475 1501 648 1578 Odysseae,
687 1503 794 1562 multa
829 1502 985 1561 vocabula
1019 1501 1194 1560 servabant
1227 1499 1386 1559 initialem

147 1613 288 1661 pomonam
311 1619 342 1661 w
364 1603 405 1663 ab
427 1604 549 1678 origine
571 1605 612 1665 iis
635 1605 808 1680 propriam.

177 1701 261 1763 Fuere
283 1705 339 1777 qui
360 1706 513 1778 putarent
535 1706 628 1766 illum
651 1721 769 1766 sonum
789 1707 823 1765 in
846 1706 971 1779 poetica
991 1706 1121 1764 tautum
1141 1689 1279 1762 dictione
1299 1701 1387 1760 illius

148 1804 198 1862 aeri
222 1806 351 1882 vixisse,
379 1822 454 1867 cum
478 1822 519 1867 ex
542 1807 652 1880 lingua
679 1807 806 1880 vulgari
830 1807 1035 1879 evanuisset;
1061 1807 1209 1866 cantores
1233 1804 1330 1876 igitur
1354 1803 1386 1861 in

149 1903 316 1967 hexametris
350 1909 421 1967 suis
449 1908 571 1969 dixisse
605 1906 703 1980 idve}
734 1911 768 1969 et
798 1908 903 1979 ἔοῖκος
934 1910 967 1967 et
998 1906 1129 1980 similia,
1161 1906 1217 1966 sed
1248 1901 1323 1975 ἅναξ
1355 1905 1388 1964 et

150 1996 205 2077 οἶκος
224 2009 346 2081 quoties
368 2009 455 2070 domi
479 2026 554 2070 curn
581 2010 650 2070 suis
674 2010 965 2071 confabularentur.
990 2009 1051 2069 Sed
1076 2009 1143 2068 veri
1168 2009 1219 2066 cst
1238 2005 1387 2066 dissimil-

150 2105 205 2168 lina
228 2111 304 2171 haec
333 2111 449 2186 opinio,
482 2126 564 2184 quae
595 2127 698 2184 neque
729 2112 858 2171 aliunde
889 2113 997 2185 potest
1029 2109 1212 2169 confirmari
1237 2140 1277 2149 -
1310 2122 1387 2165 nam

150 2207 303 2281 gnoramus
339 2226 421 2285 quos
451 2227 548 2273 sonos
578 2228 687 2273 sermo
717 2213 924 2286 quotidianus
956 2212 1029 2271 aevi
1060 2209 1222 2270 Homerici
1254 2209 1323 2267 sive
1355 2208 1387 2266 in

152 2307 215 2369 lenia
233 2313 299 2373 sive
323 2313 357 2372 in
381 2313 455 2373 aliis
479 2313 631 2375 Graeciae
654 2316 838 2389 regionibus
865 2315 1013 2374 habuerit
1037 2347 1077 2355 -
1103 2327 1205 2384 neque
1222 2311 1301 2384 ipsis
1324 2325 1388 2368 car·

152 2409 260 2473 niuibus
286 2414 387 2489 epicis
410 2417 665 2477 commendatur.
689 2417 759 2476 Nou
784 2417 870 2477 enirn
896 2417 953 2476 tali
973 2430 1089 2488 genere
1110 2412 1235 2473 dicendi
1253 2412 1389 2470 utuntur

154 2513 247 2575 veteres
267 2517 391 2591 poetae,
416 2517 499 2589 quod
530 2518 663 2578 vocibus
693 2518 745 2578 vel
775 2518 1005 2578 vocabulorum
1030 2516 1143 2576 formis
1166 2513 1389 2573 intermortuis

152 2625 250 2684 operose
278 2619 323 2677 sit
353 2622 557 2694 exornatum,
588 2634 652 2678 non
684 2617 824 2679 difficilis
854 2622 887 2679 et
919 2619 1029 2678 fucata
1060 2620 1111 2677 est
1142 2631 1254 2676 eorum
1281 2614 1388 2687 dictio,

152 2715 191 2774 sed
214 2718 345 2792 simplex
377 2721 410 2779 et
439 2721 528 2780 recta
559 2723 592 2781 et
615 2721 718 2781 cuivis
741 2721 918 2795 perspicua.
944 2720 1106 2780 Adhibent
1133 2733 1211 2777 sane
1235 2715 1389 2775 nonnulla

154 2817 261 2887 epitheta
282 2821 413 2898 rariora,
434 2837 517 2895 quae
535 2822 680 2896 ipsorum
703 2822 903 2882 auditoribus
926 2822 981 2880 vix
1003 2821 1113 2880 minus
1132 2821 1268 2879 obscura
1288 2818 1388 2877 inisse

154 2928 222 2986 luen
247 2923 408 2984 hodiernis
437 2923 611 2984 lectoribus
642 2924 825 2998 suspicetur
856 2923 1034 2996 quispiam3
1068 2923 1215 2981 attamen
1247 2919 1388 2978 multum

155 3015 219 3080 abest
246 3026 282 3083 ut
314 3026 430 3098 quovis
464 3041 561 3085 versu
593 3026 742 3100 portenta
773 3027 806 3085 et
841 3025 1027 3097 aenigmata
1058 3023 1246 3095 loquantur;
1279 3021 1389 3093 lingua

154 3130 254 3184 snorum
280 3126 483 3201 popularium
516 3129 651 3187 utuntur
680 3126 757 3186 dum
789 3125 892 3186 doctis
922 3124 1122 3197 indoctisque
1151 3139 1211 3182 sua
1245 3123 1390 3182 carmina

154 3229 250 3285 urunt.
280 3227 374 3302 Ergo,
405 3227 435 3287 si
464 3230 539 3288 ante
569 3243 671 3302 pauca
700 3229 830 3287 tanturn
863 3226 1029 3300 vocabula,
1059 3224 1227 3298 evulgari
1251 3225 1391 3284 dictione

154 3319 237 3402 elene,
259 3344 285 3389 e.
310 3345 340 3402 g.
365 3327 529 3407 fennddtog
560 3331 593 3390 ot
622 3328 795 3403 ἔελίκωπες,
824 3329 962 3401 vestigia
993 3327 1147 3401 spirantis
1174 3325 1388 3398 ideprehen·

153 3420 280 3505 derantur,
303 3432 361 3490 aut
383 3431 417 3490 in
440 3431 537 3491 certis
560 3432 690 3491 tantum
713 3431 862 3490 formulis
889 3430 1115 3489 nominibusve
1139 3428 1274 3502 propriis
1298 3442 1389 3501 appa·

152 3531 239 3606 rorent,
269 3546 351 3604 quae
382 3532 487 3605 mythi
516 3533 711 3606 praebebant
743 3532 964 3604 antiquissimi
995 3533 1098 3606 (Ρῐρις,
1123 3528 1250 3607 Ρεκάβη,
1273 3528 1391 3601 Filios),

152 3623 248 3692 delendi
275 3635 386 3708 posset
416 3633 520 3707 opinio
553 3648 664 3693 eorum
696 3634 752 3706 qui
774 3635 891 3707 putant
914 3635 1027 3707 poetas
1051 3648 1167 3692 sonum
1190 3633 1213 3689 i
1236 3632 1269 3689 in
1293 3630 1389 3688 versi·

152 3725 195 3788 bus
216 3735 339 3794 tantum
371 3750 555 3811 usurpasse,
587 3751 651 3795 non
682 3736 846 3795 audivisse
878 3736 911 3794 in
939 3736 1059 3795 civium
1084 3749 1217 3793 suorum
1242 3747 1390 3791 sermone

151 3826 291 3910 familiam
319 3851 394 3896 cum
426 3852 502 3896 vero
525 3836 590 3896 alia
612 3837 722 3897 omnia
745 3837 881 3896 doceant
904 3837 1048 3896 carmina
1073 3836 1162 3909 opica
1193 3838 1225 3894 et
1257 3833 1390 3906 reperia-

151 3929 190 3989 tur
212 3935 369 4010 digamma
399 3938 432 3997 in
468 3937 582 3997 multis
606 3938 738 3998 vocibus
766 3938 883 4010 quibus
906 3953 1002 3997 nemo
1027 3954 1089 3997 non
1112 3936 1253 4009 quotidie
1277 3935 1389 4008 utitur,

150 4029 223 4093 itere
248 4037 350 4109 folum,-
379 4038 485 4109 foivog
514 4037 629 4098 frinone
659 4039 696 4097 fe
723 4035 834 4117 fipyov
864 4038 963 4098 frdsc‘v
996 4041 1191 4112 centumque
1216 4037 1298 4111 aliiS,
1323 4051 1390 4108 pro·

150 4132 273 4202 vellimur
294 4143 327 4199 et
358 4141 503 4213 cogimur
530 4141 563 4199 in
587 4156 661 4201 eam
684 4141 893 4216 sententiam,
919 4157 1016 4215 quam
1041 4157 1138 4214 supra
1158 4138 1390 4214 expressimus,

150 4235 178 4290 ui
201 4251 363 4300 consonam
396 4242 561 4315 digamma
592 4243 625 4301 in
656 4243 727 4316 ipsa
750 4243 870 4318 lingna,
895 4259 958 4316 qua
983 4243 1156 4303 utebantur
1178 4243 1291 4314 poetae
1311 4239 1392 4312 epici

150 4347 298 4412 eorumque
319 4343 501 4418 populares,
525 4343 648 4404 vixisse
673 4345 869 4405 statuamus.
895 4344 1097 4404 Contrarium
1122 4345 1232 4402 autem
1253 4343 1281 4400 si
1300 4342 1392 4401 nobis

149 4432 287 4519 tingimus,
317 4445 430 4518 poetas
459 4444 585 4505 locutos
616 4461 688 4506 esse
720 4446 865 4519 linguam
898 4461 1038 4506 consona
1067 4445 1288 4517 tear-entem,
1316 4443 1391 4515 quid

149 4537 260 4602 butem
281 4559 468 4620 permovere
491 4562 546 4608 eos
568 4548 695 4622 poterat
717 4549 755 4607 ut
779 4548 812 4607 in
835 4548 1033 4608 carminibus
1053 4547 1123 4606 suis
1142 4546 1390 4606 intermortuum
