3120 5124
135 424 153 492 5
176 424 232 495 38]
745 427 806 486 123

136 615 287 673 accurate
320 612 511 686 respondeat
533 615 631 674 indoli
654 615 783 688 linguae
808 614 927 689 epicae,
952 613 1008 673 sed
1032 609 1138 685 §ivfog
1161 611 1409 687 pronunciatum

138 713 234 774 fuerit
269 728 290 775 a
319 715 424 788 poetis
455 730 629 790 eorumque
657 716 846 789 aequalibus
873 711 911 788 ¹);
948 729 1029 788 quae
1061 715 1289 787 antiquissima
1320 713 1410 773 vocis

138 814 242 877 forma
260 816 295 876 in
319 816 537 891 Peloponneso
557 819 612 879 diu
630 821 704 894 post
727 834 846 879 aarum
866 818 1075 878 Homericum
1092 817 1176 876 vixit
1199 816 1231 884 ²).
1256 815 1348 889 Ergo,
1373 815 1411 874 ut

139 917 169 977 in
199 933 234 978 re
265 918 495 996 incertissima,
527 935 590 980 non
615 923 667 981 est
690 921 894 982 sollicitanda
920 919 1034 993 forma,
1058 934 1156 991 quam
1178 921 1291 978 textus
1314 915 1409 976 tradi·

141 1022 191 1079 tus
219 1020 365 1097 praebet,
396 1021 500 1093 ξεῖνος.
534 1022 660 1082 Similia
691 1023 856 1084 observari
886 1023 1023 1096 possunt
1046 1021 1085 1081 de
1108 1020 1241 1080 vocibus
1266 1014 1408 1095 ἐννῆμαρ,

143 1116 311 1199 ἐννήκοντα,
343 1120 502 1200 fleotimo,
535 1122 696 1202 εἰνάνυχες,
731 1122 851 1197 εἰνάκις,
881 1119 1112 1193 εἴνατος-ἔνατος
1144 1122 1162 1191 ἓ
1186 1121 1239 1195 91,
1272 1133 1409 1192 quarum

144 1223 266 1284 initium
301 1224 454 1299 primitus
483 1239 555 1285 esse
586 1225 696 1286 debuit
727 1222 839 1296 inflet·
865 1241 906 1286 ex
930 1220 1039 1282 ivvii«
1062 1237 1170 1283 novem
1192 1222 1408 1282 decurtatum.

145 1323 209 1384 llon
230 1326 405 1387 concinunt
428 1325 513 1386 inter
535 1341 581 1402 se,
605 1327 637 1387 id
661 1329 786 1388 certum
811 1330 879 1401 est;
905 1326 1049 1386 sednon
1073 1325 1182 1384 minus
1205 1324 1332 1384 certum
1359 1321 1411 1380 est

148 1439 200 1484 nos
230 1426 378 1499 ignorare
412 1426 674 1504 Homericumne,
706 1429 738 1488 id
769 1431 820 1488 est
851 1429 996 1502 ipsorum
1029 1428 1143 1486 vatum
1175 1424 1311 1486 dialecto
1343 1437 1409 1497 pro·

150 1526 255 1603 prium,
279 1527 378 1589 suerit
399 1525 469 1587 bf-
492 1543 534 1589 an
556 1525 622 1589 ἕνν-
646 1545 687 1589 an
710 1528 777 1588 ec'v-.

189 1627 288 1689 ilinus
318 1630 420 1691 etiam
451 1632 581 1692 constat
611 1632 769 1706 quomodo
795 1631 963 1692 scribenda
986 1633 1019 1690 et
1043 1629 1208 1690 recitanda
1230 1628 1297 1687 sint
1319 1640 1410 1685 voca·

156 1727 219 1788 bula
242 1726 424 1810 ἐννσσὺχαιος
456 1733 489 1792 et
519 1731 733 1809 elvooiqoiioc.
758 1733 879 1793 Iisdem
904 1732 1089 1792 hominibus
1112 1728 1225 1791 ivvooa
1249 1730 1282 1791 et
1305 1726 1410 1787 εἰνσσι-

159 1830 248 1892 inore
266 1832 377 1910 luisse,
400 1834 433 1895 id
456 1834 513 1895 vix
535 1835 707 1910 quisquam
733 1837 818 1896 serio
839 1835 1031 1896 contendere
1051 1835 1169 1909 petest,
1189 1832 1266 1892 licet
1285 1830 1410 1891 codices

161 1933 313 2008 utrumque
334 1936 511 2011 praebeant
527 1952 631 2010 neque
655 1937 794 1998 alterurn
815 1937 1049 2010 antiquioribus
1070 1935 1211 1995 alterum
1230 1931 1410 1993 recentiori·

162 2032 210 2094 bus
234 2038 411 2099 carminum
432 2038 678 2100 Homericorum
699 2040 845 2114 partibus
866 2041 909 2098 sit
929 2039 1103 2113 proprium.
1128 2035 1291 2108 Numquid
1314 2034 1412 2106 igitur

166 2129 353 2214 ὶννσσίφσλλσν
383 2139 591 2201 rescribimus
620 2143 644 2199 Β
667 2143 742 2217 632,
776 2143 838 2202 767
871 2163 882 2199 ι
907 2142 948 2199 22
976 2144 992 2198 l
1017 2141 1081 2200 316
1102 2139 1142 2199 ad
1165 2137 1299 2198 alterius
1324 2135 1412 2195 vocis

167 2234 339 2311 frequentius
373 2240 487 2301 obviae
522 2242 733 2316 exemplum?
768 2242 850 2302 Sunt
884 2242 939 2315 qui
973 2242 1005 2302 id
1029 2240 1183 2314 suadent;
1209 2238 1299 2311 atqui
1323 2237 1411 2298 tertii

169 2337 274 2411 epitheti
303 2342 343 2402 ab
372 2343 485 2404 eadem
511 2343 616 2404 radice
647 2344 775 2404 deducti
799 2345 831 2403 et
853 2358 910 2417 per
933 2344 1040 2403 totum
1064 2341 1243 2401 Homerum
1268 2340 1411 2413 frequen·

169 2437 263 2502 tissimi
283 2439 448 2521 ἐνοσίχθων
471 2444 579 2504 brevis
601 2447 653 2506 est
676 2444 802 2518 syllaba
825 2444 971 2520 initialis
994 2444 1028 2504 et
1051 2442 1294 2503 substantivum
1316 2438 1412 2511 ἔνοσις

171 2542 255 2609 (lotoe
283 2548 405 2620 motae),
446 2560 508 2618 quo
546 2545 709 2609 Homerus
735 2562 798 2606 non
833 2546 946 2622 utitur,
982 2545 1015 2604 in
1046 2543 1179 2604 Hesiodi
1214 2543 1412 2604 carminibus

173 2640 280 2714 prinam
306 2647 468 2722 syllabam
498 2647 596 2709 babet
626 2649 758 2709 brevem
787 2645 917 2725 (Theog.
942 2648 1017 2723 681,
1044 2647 1117 2723 706,
1142 2647 1228 2715 849).
1253 2645 1318 2704 1166
1338 2644 1412 2703 hinc

174 2741 310 2825 elicimus,
345 2763 449 2823 neque
479 2749 609 2810 Aeolico
640 2765 729 2810 more
753 2746 818 2809 ἕνν-
848 2764 952 2822 neque
975 2748 1084 2809 Ionico
1116 2746 1173 2806 εἰν-
1207 2746 1412 2807 scribendum

175 2857 235 2922 0⁸⁸0,
262 2851 315 2912 sed
349 2866 445 2912 veras
475 2851 597 2912 formas
628 2867 701 2913 esse
732 2849 896 2930 ἕνοσίχαισς
930 2852 964 2911 et
996 2847 1198 2924 ἐνοσίφυλλσς,
1229 2863 1291 2907 666
1325 2848 1412 2907 enim

175 2942 228 3006 inde
245 2952 279 3012 ab
300 2953 423 3027 origine
446 2952 575 3026 longam
596 2968 668 3014 esse
692 2954 808 3014 horum
836 2952 1053 3028 epithetorum
1078 2950 1238 3024 syllabam
1261 2949 1412 3024 primam,

176 3049 217 3108 sed
233 3056 317 3115 metri
347 3070 447 3117 causa
477 3055 608 3130 produci
631 3058 669 3116 ut
692 3057 724 3116 in
748 3054 873 3133 ζεφσρίη
896 3055 930 3114 et
953 3049 1087 3123 ἐπίτονος
1111 3053 1247 3125 aliisque
1273 3047 1413 3127 (ζωὲ),

176 3147 353 3220 61521-
376 3156 526 3233 „Minime
550 3158 691 3234 rerum”,
716 3159 763 3219 sic
786 3158 852 3233 alii,
880 3171 976 3232 „nam
996 3155 1113 3216 radicis
1137 3155 1242 3214 forma
1261 3155 1413 3227 antiquis·

180 3250 256 3322 „sina
274 3257 333 3318 fuit
356 3255 490 3330 ἒνέοσι-;
522 3259 606 3331 quod
634 3261 745 3320 autem
769 3260 858 3320 vocis
882 3255 1045 3336 ἐνοσίχθων
1069 3257 1174 3331 prima
1201 3255 1326 3328 syllaba
1350 3270 1413 3314 cor·

180 3351 290 3434 ‚opitu
308 3360 368 3420 hoc
387 3360 521 3420 demum
541 3359 577 3420 nt
598 3363 702 3422 metro
723 3363 856 3434 cogente
870 3360 1003 3435 (vlss’
1019 3392 1058 3402 -
1072 3359 1138 3418 llos
1161 3359 1290 3418 contra:
1312 3356 1414 3432 ,6666

181 3450 267 3526 „igitur
297 3462 425 3521 constat
456 3457 572 3520 evrou-
607 3461 708 3523 iuisee
745 3462 950 3535 antiquitus?
981 3461 1105 3521 incerta
1137 3461 1188 3519 est
1218 3459 1314 3518 huius
1348 3457 1413 3516 the·

181 3558 269 3624 „meib
299 3562 403 3637 origo;
440 3577 480 3623 ne
514 3561 546 3622 id
580 3563 710 3636 quidem
743 3565 871 3624 constat
902 3565 1011 3623 utrum
1044 3562 1122 3622 insit
1156 3559 1348 3635 praepositio
1383 3555 1415 3616 ἐν

182 3668 285 3725 unane:
312 3678 373 3724 nos
404 3678 469 3724 non
499 3663 671 3741 credimus,
703 3665 757 3724 alii
781 3666 893 3725 tamen
913 3665 1095 3725 autumant.
1121 3663 1161 3722 Ht
1184 3663 1257 3736 quis
1281 3662 1414 3734 cogebat

180 3788 365 3811 &-

204 3870 276 3937 11161.
291 3888 375 3932 umen
394 3898 461 3945 quae
479 3886 511 3933 de
529 3886 614 3933 littera
630 3880 653 3933 ‚F
672 3887 697 3932 in
715 3886 808 3934 mediis
825 3887 958 3934 vocabulis
975 3886 1099 3933 collocata
1116 3885 1308 3932 observavimus
1325 3883 1340 3943 5
1358 3884 1398 3928 40.

204 3949 220 4018 ¹)
233 3959 277 4010 Via
293 3979 357 4025 quae
374 3965 401 4012 in
419 3966 550 4027 lapidibus
568 3969 668 4014 extant:

180 4033 317 4182 Pham)
331 4046 434 4105 eorm.
456 4046 523 4094 161.
541 4047 589 4093 aaa
606 4043 724 4110 (=oou.
743 4048 817 4106 aree,
836 4043 929 4093 cauea
948 4046 1092 4106 6666661
1112 4047 1168 4104 ua,
1185 4044 1294 4091 seuera
1308 4043 1415 4104 apagn-

181 4191 318 4339 Ρ-ἶχχνρσς
347 4205 450 4264 coreyr.
481 4204 547 4252 roa,
578 4207 627 4252 661
653 4205 771 4263 q=oou
803 4206 877 4266 ereo,
911 4201 1004 4252 dauon
1036 4205 1076 4265 es,
1108 4204 1197 4251 uersa
1225 4204 1281 4259 rer,
1307 4203 1416 4249 Roberte

206 4349 344 4426 influa]
365 4361 404 4408 ur.
422 4361 488 4408 166.
508 4364 555 4409 112
565 4377 588 4422 a,
606 4362 665 4409 aee.
683 4360 726 4427 (=
741 4363 804 4410 con.
826 4364 899 4424 1165,
918 4357 1011 4409 cauae
1029 4364 1085 4422 aaa,
1103 4362 1212 4408 Roboris
1229 4374 1254 4420 p.
1273 4361 1339 4416 aar).

197 4423 321 4494 ‚aeirem
337 4440 451 4488 Corinth.
469 4440 533 4487 ooli.
552 4439 641 4488 erled
657 4438 701 4504 (=
710 4436 803 4489 Cauar¹
822 4440 873 4501 81).

207 4501 289 4561 Ξίννῖων
303 4517 414 4566 corinth.
433 4519 496 4566 Ooll.
514 4521 587 4567 8121.

184 4585 204 4628 ei
216 4587 241 4632 ci.
254 4587 349 4645 Meister
364 4597 430 4644 Dial.
449 4597 462 4643 1
479 4612 504 4659 p.
525 4599 580 4646 142.
