3120 5124
746 393 787 451 aa
1320 386 1351 457 [0
1377 386 1419 446 la

141 581 284 655 epitheta
308 579 438 658 μώνυχες
464 579 581 655 (ἵπποι),
604 580 635 640 id
661 581 711 639 est
732 578 931 657 μουνώνθχες,
951 580 984 638 et
1002 574 1189 653 κελαινεφής,
1207 576 1239 636 id
1260 577 1312 636 θεῖ
1323 578 1418 634 κελαι·

142 683 279 758 οονεῳής.
299 684 503 758 Quamquam
524 684 695 754 utramque
716 681 963 754 originationem
991 680 1052 739 viri
1072 679 1156 739 docti
1175 677 1418 738 addubitarunt.

141 786 181 843 Et
215 786 366 858 suspecta
396 799 474 844 sane
504 785 555 844 est
586 783 673 857 longi
701 784 772 843 soni
796 805 833 842 οο
857 781 1041 857 suppressio
1065 782 1099 840 in
1123 794 1201 841 voce
1225 778 1419 857 μοοοώνυχες

142 891 230 956 (nam
264 885 391 945 brevior
425 885 577 946 adiectivi
608 886 712 945 forma
736 883 827 960 μόνος
851 885 907 943 vix
939 885 990 944 eet
1013 882 1195 958 Homerica,
1221 881 1285 942 vid.
1309 881 1327 951 ἓ
1352 881 1418 957 38),

142 1003 240 1060 quare
271 1002 334 1048 non
367 988 514 1062 displicet
545 987 726 1047 Doederlini
754 986 948 1061 coniectura,
972 1001 1014 1046 ex
1037 981 1186 1063 ὁμώοοχες
1210 999 1283 1044 esse
1306 986 1418 1044 ortum

140 1089 200 1149 hoc
225 1089 440 1164 adiectivum;
465 1090 503 1149 de
527 1089 686 1149 Saussure
711 1091 822 1149 antem
846 1087 1078 1160 Wackernagel
1099 1086 1135 1147 d.
1158 1086 1278 1160 Meyer²
1298 1103 1328 1161 p.
1354 1086 1419 1147 184

141 1190 196 1249 alii
230 1191 346 1264 putant
376 1189 455 1250 olim
487 1190 588 1250 fuisse
620 1189 738 1265 σμῶοοξ
770 1191 790 1250 i.
815 1205 842 1251 θ.
867 1189 1038 1266 stop-ovo}
1068 1189 1118 1259 (cf.
1151 1189 1168 1258 θ
1200 1189 1264 1263 91),
1306 1188 1420 1263 ,indes

145 1308 221 1366 „zur
243 1292 467 1364 Bezeichnuug
490 1293 546 1352 der
568 1293 696 1352 Einheit
719 1293 808 1352 dient
830 1292 862 1351 in
889 1291 1020 1352 solchen
1039 1289 1307 1364 Kompositionen
1326 1289 1421 1349 nicht

146 1394 268 1468 ,dieser
301 1393 428 1453 Stamm
460 1394 598 1453 sonderu
630 1392 742 1469 μόνος”
779 1394 1029 1464 (thnerBiass
1059 1395 1074 1453 Ι
1105 1408 1136 1467 p.
1162 1392 1246 1462 285).
1280 1391 1420 1451 Temere

142 1509 218 1554 vero
252 1495 384 1567 negavit
414 1495 617 1555 Herodianus
641 1496 674 1554 in
700 1511 778 1555 voce
801 1494 977 1572 κεῖοονεφής
1001 1509 1164 1569 syncopen
1187 1509 1270 1570 esse,
1296 1508 1316 1553 a
1338 1491 1421 1569 φάος

144 1596 293 1670 repetens
316 1596 394 1670 ipse,
419 1596 481 1656 vid.
508 1596 615 1670 Etym.
640 1597 680 1657 M.
707 1599 781 1672 502,
806 1599 824 1657 2
849 1596 993 1670 (Ebeling
1018 1597 1126 1657 Lexic.
1150 1611 1177 1657 s.
1206 1599 1259 1666 θ).

188 1697 294 1757 Etiam
327 1696 461 1775 τράπεζα,
491 1699 523 1758 id
547 1701 598 1758 est
621 1698 786 1776 οεοροὶοοεζο,
809 1701 872 1760 huc
899 1699 1048 1773 pertinet,
1077 1699 1220 1770 itemque
1244 1693 1422 1775 τρῖφοὶλειο,

143 1801 172 1859 si
195 1799 324 1872 quidem
348 1800 407 1860 hoc
431 1814 548 1859 nomen
573 1801 659 1860 idem
684 1801 768 1874 quod
792 1800 974 1876 τετράφαλον
1006 1801 1055 1869 (Μ
1080 1799 1144 1859 384
1170 1801 1201 1861 Χ
1221 1800 1297 1869 315)
1321 1798 1420 1871 signi·

144 1900 239 1961 ficare
271 1900 332 1960 viri
363 1901 447 1961 docti
474 1901 543 1961 iure
567 1903 753 1962 statuerunt
778 1893 809 1977 ¹),
835 1902 897 1962 vid.
927 1900 1044 1974 Helbig
1068 1901 1155 1960 hom.
1178 1899 1263 1975 Epos
1285 1916 1315 1974 p.
1340 1901 1420 1974 209,

144 2005 330 2076 Brugmann
365 2002 418 2062 Gr.
454 2002 598 2064 Gramm.
634 2006 728 2072 §aa
760 2005 825 2065 Nec
857 2020 921 2064 non
947 2002 1146 2064 adiectivum
1169 2000 1324 2081 θάρσῖνος
1348 2001 1421 2061 iure

146 2106 207 2164 huc
226 2102 392 2164 rettulisse
414 2103 542 2164 videtur
566 2105 599 2166 L.
624 2106 742 2181 Meyer,
767 2122 787 2166 a
809 2104 1000 2184 θορσόσυνος
1024 2105 1184 2178 repetens.

189 2205 306 2265 Contra
336 2205 368 2264 in
392 2206 574 2267 Homericis
597 2208 715 2269 dicitur
737 2205 939 2287 ἀμφιφορεύς,
961 2207 1016 2280 qui
1039 2207 1122 2280 apud
1151 2207 1298 2280 posteros
1318 2199 1421 2281 ἀμφο-

145 2306 213 2385 ρεύς
237 2308 336 2382 audit,
361 2309 523 2382 amphora.

188 2407 284 2468 Nulla
319 2410 369 2468 est
404 2425 543 2485 syncope
574 2412 606 2470 in
638 2414 768 2473 nomine
799 2411 934 2473 obscuro
967 2406 1097 2470 Μοῖῖοοε
1121 2412 1152 2467 Λ
1178 2409 1251 2482 709,
1278 2408 1352 2481 750,
1379 2407 1419 2467 de

143 2525 205 2582 quo
229 2510 289 2569 hoc
312 2525 413 2569 unum
438 2513 564 2572 certum
588 2515 647 2589 est,
673 2530 736 2574 non
760 2515 861 2575 fuisse
881 2512 960 2573 olim
988 2510 1171 2570 Μοῖιονίονε
1192 2509 1223 2569 id
1244 2510 1295 2568 est
1313 2507 1417 2568 idolio

144 2626 196 2670 nea
216 2611 303 2685 filios,
328 2625 404 2670 uam
429 2614 545 2673 matris
569 2615 698 2675 nomine
722 2615 916 2676 indictione
948 2614 1038 2688 spica
1061 2612 1145 2672 fliios
1167 2626 1230 2671 non
1254 2610 1419 2683 designari

143 2727 217 2770 vere
250 2713 434 2772 observavit
465 2715 689 2791 Aristarchus;
715 2717 777 2777 vid.
802 2716 1005 2776 Aristonicus
1032 2715 1072 2774 ad
1098 2715 1272 2785 utrumque
1295 2711 1416 2772 locum.

142 2812 252 2885 Neque
288 2829 401 2873 vocem
435 2814 557 2888 αἰπόλος
592 2834 632 2878 ex
664 2818 838 2897 adprimitur
870 2820 1071 2879 contractam
1095 2831 1168 2876 esee
1191 2814 1248 2874 sed
1272 2829 1292 2873 a
1315 2814 1417 2889 stirpe

141 2909 331 2972 dii-:dit
355 2915 486 2976 ductam
510 2933 583 2979 esse
606 2924 639 2980 et
663 2921 748 2982 idem
772 2922 871 2995 igitur
899 2920 982 2993 quod
1011 2915 1147 2988 οἰοπόλος
1179 2915 1331 2991 primitus
1354 2915 1416 2989 sig·

141 3015 289 3075 nificasse
314 3017 497 3090 (opilionem)
520 3021 742 3083 demonstrare
767 3023 892 3083 studuit
915 3022 951 3082 G.
977 3021 1085 3094 Meyer
1109 3015 1142 3089 ²).

187 3118 351 3192 Syncopae
386 3122 532 3195 opposita
566 3126 617 3184 est
651 3126 818 3200 oncptycta
849 3124 900 3184 vel
932 3121 1095 3197 epentheaia
1126 3134 1208 3192 quae
1232 3119 1359 3194 dicitur,
1383 3118 1415 3178 id

142 3221 194 3279 est
217 3220 350 3280 insertio
372 3222 480 3282 brevis
503 3225 585 3300 soni,
609 3226 799 3299 plerumque
823 3246 845 3300 ε,
869 3225 974 3284 rarius
997 3229 1026 3298 ἅ,
1053 3226 1074 3298 ἴ,
1097 3243 1121 3281 ο.
1146 3219 1280 3281 Cautius
1303 3222 1415 3281 tamen

95 3336 99 3343 ’
142 3322 180 3381 de
204 3322 380 3398 vocabulis,
404 3338 487 3395 quae
509 3326 573 3386 huc
594 3329 767 3403 pertinent,
792 3328 839 3387 ita
862 3327 1041 3400 loquemur,
1066 3326 1102 3383 ut
1125 3323 1272 3382 dicamus
1297 3320 1416 3381 radicis

142 3423 332 3498 ampliorem
356 3426 389 3484 et
412 3425 593 3488 breviorem
618 3431 729 3489 extare
753 3429 886 3502 formas,
910 3431 985 3487 utra
1007 3428 1116 3487 autem
1138 3424 1217 3484 natu
1237 3423 1282 3482 sit
1301 3422 1414 3496 maior,

142 3526 173 3585 id
196 3526 229 3585 in
252 3526 413 3600 plerisque
439 3529 570 3589 vocibus
595 3530 678 3590 effici
701 3546 765 3591 non
789 3546 893 3605 posse.
919 3528 1076 3602 Exempla
1099 3529 1179 3587 haec
1202 3523 1381 3586 sufficient:

473 3627 576 3709 ἀλέγω,
599 3629 729 3711 ἀλεγίζω,
753 3629 895 3710 diepam,
918 3627 1106 3707 δυσ-ηῖεγής,
1128 3625 1305 3706 rav-qimi?
1318 3627 1366 3697 (?)·

473 3726 562 3810 ἄλγος
587 3729 727 3812 ἀργαλέος
752 3734 794 3803 (id
818 3736 869 3794 est
893 3728 1054 3811 ἆῖγαλὲοςῖ.

476 3829 596 3909 ἄφενος,

294 3888 410 3959 ww:
476 3931 608 4010 ἀφνειός.

302 3675 392 3758 ἀλ(ε)γ
402 3697 408 3740 :

475 4032 610 4111 ἀνήνοθε
634 4037 708 4106 (vid.
734 4038 751 4105 ἓ
780 4037 862 4104 149).

293 4087 409 4159 dvm&
474 4135 582 4208 ἄνθος.

176 4321 196 4387 ¹)
215 4327 253 4372 An
271 4329 408 4385 cognatum
427 4327 467 4371 est
485 4317 627 4388 κοκρῖφολος
645 4328 672 4369 Χ
688 4324 753 4370 469?

176 4399 194 4457 ⁹)
211 4405 266 4451 vid.
294 4406 359 4452 Leni
383 4405 415 4450 ad
442 4409 462 4450 Β
488 4405 544 4450 474.
570 4403 699 4449 Eadomue
726 4401 796 4448 vocis
819 4403 925 4457 οῖγύπιος
950 4399 1080 4457 astruite,
1099 4411 1149 4456 qua
1169 4396 1298 4457 designari
1317 4397 1421 4445 ridetur

141 4484 300 4542 praegrande
323 4483 390 4546 ¹iilud
415 4484 547 4529 vulturum
574 4495 655 4541 genus
686 4481 754 4540 qnod
782 4480 854 4538 aguis
881 4478 1034 4538 praesertim
1066 4477 1201 4523 insidiatur
1226 4471 1421 4541 (lammeryr‘effl

141 4562 301 4623 Quamquam
318 4563 367 4610 hoc
386 4565 454 4610 carte
473 4561 626 4609 vocabulum
644 4562 721 4609 otiam
739 4575 770 4608 ex
787 4563 930 4618 οἰγι-γύπιος
947 4558 1023 4604 facile
1041 4553 1127 4618 potnit
1143 4556 1221 4603 nasei.
