3120 5124
751 409 810 453 xv1

142 586 246 659 erunt,
281 583 434 656 quoniam
469 583 600 657 tempus
634 583 668 642 et
696 580 787 640 locus
817 581 850 639 in
883 579 936 640 ria
967 580 1143 640 consistere
1176 580 1298 655 vetant,
1330 595 1412 653 quae

142 686 272 760 cognitu
285 685 351 744 sint
362 684 564 760 dignissima,
582 681 761 743 -simodo
780 681 906 755 possint
925 681 1084 757 cognosci,
1098 682 1221 741 namin
1239 681 1415 755 caliginosa

141 787 270 862 regione
294 788 443 847 versatur
466 786 520 859 qui
543 785 632 845 hisce
655 785 694 845 de
717 784 813 844 rebus
836 782 956 855 aliquid
982 783 1149 857 explorare
1173 785 1316 843 conatur.

770 1036 795 1095 1.

187 1236 285 1311 Epica
318 1235 514 1296 Graecorum
549 1235 693 1294 carmina
728 1234 872 1295 aetatem
906 1232 1052 1294 tulerunt
1083 1234 1162 1295 iliae
1193 1236 1227 1294 et
1261 1233 1416 1309 Odyssea,

144 1339 201 1400 sed
232 1337 337 1398 multo
358 1337 452 1411 plura
478 1335 557 1396 olim
587 1336 738 1395 extitisse
769 1349 845 1395 cum
876 1335 969 1396 docet
999 1336 1081 1395 ratio
1105 1338 1178 1396 tum
1201 1335 1417 1398 demonstrari

143 1439 260 1514 potest.
283 1437 368 1498 Nam
390 1438 491 1498 luisse
514 1437 614 1497 fortes
638 1438 714 1498 ante
737 1437 985 1510 Agamemnona
1008 1440 1041 1497 et
1064 1440 1178 1512 poetas
1202 1439 1277 1498 ante
1301 1438 1417 1497 Home·

143 1557 218 1602 rum
252 1541 323 1615 ipsa
357 1541 521 1601 testantur
552 1539 697 1600 carmina
728 1540 828 1614 epioe,
860 1539 893 1598 in
924 1539 1042 1612 quibus
1065 1540 1245 1600 vetustiora
1267 1541 1419 1614 poemata

145 1644 275 1717 saepius
308 1640 481 1701 laudantur
516 1642 727 1713 veterumque
763 1642 877 1700 vatum
912 1641 1092 1701 afferuntur
1122 1642 1254 1701 nomina
1284 1642 1321 1716 Ι);
1357 1641 1419 1715 ipsi

146 1745 257 1804 autem
292 1743 434 1803 Homero
464 1744 592 1817 praeter
622 1742 685 1802 duo
716 1756 799 1814 quae
830 1742 1073 1802 nominavimus
1101 1757 1197 1817 opera
1221 1742 1285 1802 alia
1308 1742 1419 1815 magni

146 1845 290 1906 ambitus
323 1843 401 1905 olim
431 1843 655 1904 tribuebantur
685 1842 852 1917 complura
871 1841 904 1918 ²),
931 1859 1068 1917 quorum
1089 1845 1222 1904 nomina
1244 1843 1363 1904 saltem
1387 1844 1420 1903 et

145 1960 249 2020 pauca
271 1945 431 2018 quaedam
454 1944 637 2019 fragmenta
660 1945 700 2004 ad
723 1960 783 2005 nos
805 1948 1036 2021 pervenerunt3
1063 1948 1230 2020 praeterea
1252 1947 1285 2004 in
1309 1945 1420 2005 iliadis

146 2047 254 2108 codice
274 2048 302 2105 A
333 2061 442 2106 rerum
473 2047 506 2105 in
537 2046 578 2105 iis
602 2048 827 2107 enarratamm
852 2048 949 2107 breve
974 2047 1201 2122 compendium
1225 2047 1373 2121 superest
1397 2045 1419 2114 ³)

147 2163 165 2208 e
189 2147 293 2208 Procli
316 2147 532 2220 grammatica
555 2148 811 2209 chrestomatbia
834 2147 856 2216 ⁴)
885 2149 1083 2208 desumtum.

191 2249 309 2308 Postea
331 2250 444 2309 tamen
467 2247 580 2309 Graeci
603 2249 683 2308 baec
701 2250 854 2323 poemata
873 2264 936 2309 non
956 2250 1018 2323 ipsi
1037 2251 1179 2310 Homero
1200 2249 1385 2309 tribuebant
1397 2246 1419 2316 ⁵)

147 2349 204 2411 sed
239 2349 375 2423 singulis
409 2348 548 2409 aliorum
582 2351 752 2424 poetarum
784 2350 936 2421 (Leschae
967 2351 1093 2412 Arctlni
1123 2350 1245 2410 Stasini
1272 2349 1419 2418 aliorum)

147 2452 280 2512 nomina
303 2450 531 2525 praefigebant.
555 2451 727 2512 Praeterea
750 2452 872 2526 Hymni
896 2453 929 2511 in
949 2452 1082 2512 deorum
1102 2453 1257 2513 honorem
1276 2451 1421 2524 concepti

148 2553 330 2627 complures
361 2554 446 2614 inter
476 2552 615 2613 Graecos
646 2552 955 2614 circumferebantur
978 2556 1012 2613 et
1034 2553 1176 2614 Homero
1200 2553 1420 2614 adscribeben·

147 2659 217 2730 tur;
250 2670 331 2729 quos
363 2670 467 2728 neque
498 2654 612 2715 eodem
639 2654 768 2714 saeculo
792 2669 896 2728 neque
919 2655 1033 2715 eadem
1057 2655 1090 2715 in
1113 2655 1242 2729 regione
1266 2655 1421 2729 composi·

147 2760 198 2819 tos
233 2771 306 2817 esse
348 2771 473 2830 omnes,
516 2756 632 2816 docent
665 2756 762 2816 dictio
795 2771 968 2829 rerumque
1002 2756 1217 2816 tractatarum
1252 2756 1350 2829 ratio;
1387 2756 1420 2814 in

146 2873 249 2919 unum
284 2859 394 2918 autem
430 2871 545 2932 corpus
579 2857 706 2930 quando
736 2856 856 2916 fuerint
887 2857 1014 2918 collecti
1044 2872 1160 2931 parum
1192 2858 1330 2917 constat.
1354 2856 1421 2916 Nec

146 2975 211 3021 non
234 2973 290 3033 pro
313 2958 447 3018 Homeri
470 2972 565 3032 opere
586 2957 764 3017 habebatur
789 2959 950 3019 comicum
971 2973 1047 3033 epos
1068 2959 1230 3033 Margites
1254 2959 1293 3019 (16
1312 2959 1420 3033 inepto

146 3060 202 3122 illo
225 3059 355 3119 homine
379 3059 433 3133 qui
455 3051 534 3118 πόλλ’
561 3054 702 3135 ἠπίστατο
724 3055 829 3137 fuya,
852 3067 950 3131 κακῶς
971 3054 1001 3119 ‹l’
1025 3057 1166 3137 ἠπίστατο
1187 3059 1420 3120 adventitiam

146 3165 291 3224 iocosum
315 3174 447 3222 carmen
470 3159 848 3236 Batrachomyomacbia,
872 3161 906 3220 in
929 3176 992 3234 quo
1012 3176 1110 3222 ranae
1133 3177 1306 3235 moresque
1326 3163 1420 3222 inter-

147 3264 259 3326 necivo
290 3262 374 3322 bello
404 3276 440 3321 se
463 3261 656 3321 infestantes
679 3263 828 3321 veterum
851 3262 986 3322 heroum
1010 3263 1103 3336 gesta
1126 3263 1279 3337 referunt,
1303 3262 1420 3323 Home·

147 3381 221 3426 rum
256 3366 422 3424 auctorem
452 3361 570 3422 habere
601 3361 681 3422 olim
711 3362 917 3438 credebatur;
951 3364 1008 3424 sed
1035 3365 1198 3425 recentius
1220 3364 1325 3424 multo
1349 3378 1421 3424 esse

149 3483 247 3542 quam
271 3466 406 3526 iliadem
431 3466 528 3538 atque
551 3462 731 3538 Odysseam
754 3480 817 3524 non
841 3465 947 3526 solum
968 3466 1140 3526 verborum
1159 3466 1282 3526 formae
1302 3467 1420 3526 totum·

148 3584 210 3642 que
241 3566 366 3629 dicendi
395 3581 499 3640 genus
530 3565 710 3626 luculenter
741 3567 926 3643 ostendunt,
959 3568 1080 3630 sedne
1104 3568 1347 3640 nasciquidem
1371 3584 1420 3641 po·

147 3672 251 3731 tuisse
282 3667 441 3730 eiusmodi
464 3681 546 3741 opus
569 3666 683 3728 eadem
707 3669 815 3729 aetate
840 3684 904 3742 qua
927 3671 1061 3730 strenua
1083 3671 1256 3730 atavorum
1279 3669 1421 3729 facinora

156 3832 342 3845 ——-

183 3922 276 3991 ι)11(1.
293 3928 359 3974 inira
377 3940 435 3986 pag.
453 3939 506 3974 xxr.

182 4000 203 4068 ²)
220 4011 243 4053 61
266 4008 361 4070 ἀρχαῖοι
386 4008 424 4054 καὶ
449 4006 490 4052 τὸν
515 4009 608 4052 Κύκλου
633 4008 788 4072 ἀναφέρουσιν
814 4010 845 4063 εἰς
870 4010 948 4063 αὐτόν,
973 4007 1080 4054 Procles
1107 4007 1133 4053 in
1159 4007 1301 4055 chrestum.
1325 4021 1349 4068 p.
1371 4009 1419 4055 468

148 4085 229 4134 66161.

181 4159 203 4226 ³)
219 4164 292 4221 Pars,
319 4177 385 4223 quae
410 4165 437 4210 iu
465 4164 561 4212 codicis
584 4165 646 4212 folio
671 4180 738 4215 nnnc
762 4168 896 4227 deperdito
914 4169 1011 4228 scripta
1029 4170 1093 4228 erat,
1112 4181 1126 4213 6
1144 4167 1233 4215 codiee
1250 4166 1419 4215 Ercorialensl

148 4244 172 4289 Ω
189 4242 203 4289 I
221 4243 252 4290 11
269 4239 314 4306 ((16
331 4256 382 4302 quc
399 4243 449 4289 vid.
467 4244 549 4292 Bothe
566 4244 656 4291 Rhein.
674 4247 740 4293 1166.
762 4244 837 4310 leet)
855 4248 941 4308 potnit
957 4247 1081 4307 suppleri.

180 4318 257 4385 4)1)6
284 4335 335 4382 qna
361 4322 411 4369 vid
438 4323 547 4370 Photins
570 4324 596 4370 in
620 4324 743 4372 Biblioth.
765 4326 821 4373 aod.
846 4326 1000 4374 eornm.
1024 4325 1142 4373 Secundo
1165 4330 1224 4386 post
1242 4327 1300 4373 (ihr.
1317 4324 1421 4371 6666616

148 4402 216 4449 hunc
241 4401 362 4449 Proclum
389 4402 483 4449 vixisse
509 4403 621 4450 coniecit
645 4400 763 4451 Welolrer
785 4405 833 4465 Ep.
859 4406 928 4464 cycl.
952 4406 965 4451 1
988 4402 1421 4465 3666.,6Ν6661616616661116-

148 4480 237 4541 sopho,
255 4481 300 4540 qni
324 4480 478 4529 vomente
496 4483 567 4541 vixit,
585 4482 781 4531 discernendum
800 4488 878 4532 ratus.

181 4556 201 4622 ⁵)
220 4559 313 4619 cypria
329 4560 441 4607 Homero
458 4560 589 4608 abiudioat
605 4562 751 4609 Herodotus
770 4563 797 4610 11
816 4565 873 4619 117,
896 4564 1026 4624 Epigonos
1044 4565 1078 4612 iv
1097 4567 1138 4613 11.
