<?xml version="1.0" encoding="UTF-8"?>
<!DOCTYPE html PUBLIC "-//W3C//DTD XHTML 1.0 Transitional//EN"
    "http://www.w3.org/TR/xhtml1/DTD/xhtml1-transitional.dtd">
<html xmlns="http://www.w3.org/1999/xhtml" xml:lang="en" lang="en">
 <head>
  <title>
</title>
<meta http-equiv="Content-Type" content="text/html;charset=utf-8" />
  <meta name='ocr-system' content='tesseract 3.04.00' />
  <meta name='ocr-capabilities' content='ocr_page ocr_carea ocr_par ocr_line ocrx_word'/>
</head>
<body>
  <div class='ocr_page' id='page_1' title='image "./enchiridiumdict00leeugoog/enchiridiumdict00leeugoog_0137.png"; bbox 0 0 3120 5124; ppageno 0'>
   <div class='ocr_carea' id='block_1_1' title="bbox 752 361 1405 446">
    <p class='ocr_par' dir='ltr' id='par_1_1' title="bbox 752 361 1405 446">
     <span class='ocr_line' id='line_1_1' title="bbox 752 361 1405 446; baseline 0.002 -13"><span class='ocrx_word' id='word_1_1' title='bbox 752 361 799 433; x_wconf 70' lang='lat' dir='ltr'>llo</span> <span class='ocrx_word' id='word_1_2' title='bbox 1338 365 1366 446; x_wconf 63' lang='grc' dir='ltr'>[ξ</span> <span class='ocrx_word' id='word_1_3' title='bbox 1389 374 1405 434; x_wconf 83' lang='lat' dir='ltr'>i</span> 
     </span>
    </p>
   </div>
   <div class='ocr_carea' id='block_1_2' title="bbox 141 559 1426 4194">
    <p class='ocr_par' dir='ltr' id='par_1_2' title="bbox 141 559 1417 2449">
     <span class='ocr_line' id='line_1_2' title="bbox 142 559 1409 636; baseline 0.002 -16"><span class='ocrx_word' id='word_1_4' title='bbox 142 559 262 633; x_wconf 68' lang='grc' dir='ltr'><strong><em>ἀκλειῶς</em></strong></span> <span class='ocrx_word' id='word_1_5' title='bbox 306 563 355 632; x_wconf 84' lang='lat' dir='ltr'>(cf.</span> <span class='ocrx_word' id='word_1_6' title='bbox 392 563 409 631; x_wconf 67' lang='grc' dir='ltr'><strong>ἓ</strong></span> <span class='ocrx_word' id='word_1_7' title='bbox 446 564 562 631; x_wconf 73' lang='grc'><strong>71·73).</strong></span> <span class='ocrx_word' id='word_1_8' title='bbox 607 563 729 636; x_wconf 83' lang='lat' dir='ltr'>Nempe</span> <span class='ocrx_word' id='word_1_9' title='bbox 774 565 901 623; x_wconf 86' lang='lat' dir='ltr'>veteres</span> <span class='ocrx_word' id='word_1_10' title='bbox 939 565 1088 623; x_wconf 87' lang='lat' dir='ltr'>cantores</span> <span class='ocrx_word' id='word_1_11' title='bbox 1124 560 1228 635; x_wconf 61' lang='grc' dir='ltr'><strong><em>δνέεος</em></strong></span> <span class='ocrx_word' id='word_1_12' title='bbox 1262 560 1409 634; x_wconf 60' lang='lat' dir='ltr'>occiliano</span> 
     </span>
     <span class='ocr_line' id='line_1_3' title="bbox 142 661 1412 742; baseline 0.002 -19"><span class='ocrx_word' id='word_1_13' title='bbox 142 662 268 735; x_wconf 69' lang='grc' dir='ltr'><strong><em>σττέ(ό)εϊ</em></strong></span> <span class='ocrx_word' id='word_1_14' title='bbox 296 662 471 733; x_wconf 48' lang='lat' dir='ltr'>pacificabat</span> <span class='ocrx_word' id='word_1_15' title='bbox 501 663 614 742; x_wconf 77' lang='grc' dir='ltr'><em>κρεάων</em></span> <span class='ocrx_word' id='word_1_16' title='bbox 647 661 824 740; x_wconf 66' lang='grc' dir='ltr'>ἐυρρείό)ἑος</span> <span class='ocrx_word' id='word_1_17' title='bbox 857 662 1016 735; x_wconf 67' lang='grc' dir='ltr'>ἀκλε(ό)ἑες</span> <span class='ocrx_word' id='word_1_18' title='bbox 1040 662 1209 737; x_wconf 52' lang='lat' dir='ltr'>&amp;altwino</span> <span class='ocrx_word' id='word_1_19' title='bbox 1233 666 1412 726; x_wconf 75' lang='lat' dir='ltr'>debuerunt</span> 
     </span>
     <span class='ocr_line' id='line_1_4' title="bbox 142 766 1412 841; baseline -0.002 -12"><span class='ocrx_word' id='word_1_20' title='bbox 142 770 246 829; x_wconf 92' lang='lat' dir='ltr'>dicere</span> <span class='ocrx_word' id='word_1_21' title='bbox 277 771 314 827; x_wconf 91' lang='lat' dir='ltr'>ut</span> <span class='ocrx_word' id='word_1_22' title='bbox 344 768 405 827; x_wconf 88' lang='lat' dir='ltr'>sibi</span> <span class='ocrx_word' id='word_1_23' title='bbox 428 769 623 840; x_wconf 81' lang='lat' dir='ltr'>constarent,</span> <span class='ocrx_word' id='word_1_24' title='bbox 649 780 752 838; x_wconf 88' lang='lat' dir='ltr'>neque</span> <span class='ocrx_word' id='word_1_25' title='bbox 776 766 863 826; x_wconf 88' lang='lat' dir='ltr'>iusta</span> <span class='ocrx_word' id='word_1_26' title='bbox 886 782 986 826; x_wconf 90' lang='lat' dir='ltr'>causa</span> <span class='ocrx_word' id='word_1_27' title='bbox 1008 769 1116 841; x_wconf 86' lang='lat' dir='ltr'>potest</span> <span class='ocrx_word' id='word_1_28' title='bbox 1140 768 1275 828; x_wconf 91' lang='lat' dir='ltr'>indicari</span> <span class='ocrx_word' id='word_1_29' title='bbox 1298 768 1412 828; x_wconf 90' lang='lat' dir='ltr'>curin</span> 
     </span>
     <span class='ocr_line' id='line_1_5' title="bbox 141 867 1415 940; baseline 0.001 -12"><span class='ocrx_word' id='word_1_30' title='bbox 141 870 192 928; x_wconf 88' lang='lat' dir='ltr'>his</span> <span class='ocrx_word' id='word_1_31' title='bbox 227 869 392 929; x_wconf 88' lang='lat' dir='ltr'>vocabulis</span> <span class='ocrx_word' id='word_1_32' title='bbox 425 868 614 928; x_wconf 79' lang='lat' dir='ltr'>deflexerint</span> <span class='ocrx_word' id='word_1_33' title='bbox 645 883 665 927; x_wconf 86' lang='lat' dir='ltr'>a</span> <span class='ocrx_word' id='word_1_34' title='bbox 696 867 820 940; x_wconf 85' lang='lat' dir='ltr'>legibus</span> <span class='ocrx_word' id='word_1_35' title='bbox 862 868 1026 927; x_wconf 83' lang='lat' dir='ltr'>sexcentis</span> <span class='ocrx_word' id='word_1_36' title='bbox 1058 869 1131 928; x_wconf 89' lang='lat' dir='ltr'>aliis</span> <span class='ocrx_word' id='word_1_37' title='bbox 1165 869 1245 929; x_wconf 87' lang='lat' dir='ltr'>locis</span> <span class='ocrx_word' id='word_1_38' title='bbox 1276 868 1415 929; x_wconf 83' lang='lat' dir='ltr'>fideliter</span> 
     </span>
     <span class='ocr_line' id='line_1_6' title="bbox 143 969 1415 1046; baseline -0.001 -14"><span class='ocrx_word' id='word_1_39' title='bbox 143 973 339 1044; x_wconf 87' lang='lat' dir='ltr'>observatis;</span> <span class='ocrx_word' id='word_1_40' title='bbox 375 971 403 1029; x_wconf 90' lang='lat' dir='ltr'>sl</span> <span class='ocrx_word' id='word_1_41' title='bbox 440 985 514 1028; x_wconf 87' lang='lat' dir='ltr'>vero</span> <span class='ocrx_word' id='word_1_42' title='bbox 546 970 653 1029; x_wconf 79' lang='lat' dir='ltr'>Attice</span> <span class='ocrx_word' id='word_1_43' title='bbox 686 970 764 1029; x_wconf 86' lang='lat' dir='ltr'>haec</span> <span class='ocrx_word' id='word_1_44' title='bbox 796 969 952 1029; x_wconf 89' lang='lat' dir='ltr'>vocabula</span> <span class='ocrx_word' id='word_1_45' title='bbox 975 970 1190 1046; x_wconf 83' lang='lat' dir='ltr'>proferuntur,</span> <span class='ocrx_word' id='word_1_46' title='bbox 1221 969 1305 1030; x_wconf 87' lang='lat' dir='ltr'>flunt</span> <span class='ocrx_word' id='word_1_47' title='bbox 1328 969 1415 1041; x_wconf 79' lang='grc' dir='ltr'><strong><em>δέους</em></strong></span> 
     </span>
     <span class='ocr_line' id='line_1_7' title="bbox 143 1067 1416 1147; baseline -0.002 -14"><span class='ocrx_word' id='word_1_48' title='bbox 143 1072 250 1144; x_wconf 84' lang='grc' dir='ltr'><strong><em>σττέους</em></strong></span> <span class='ocrx_word' id='word_1_49' title='bbox 275 1069 355 1131; x_wconf 82' lang='grc' dir='ltr'><strong><em>σιτέει</em></strong></span> <span class='ocrx_word' id='word_1_50' title='bbox 379 1068 477 1128; x_wconf 84' lang='grc' dir='ltr'><strong><em>σττέεσι</em></strong></span> <span class='ocrx_word' id='word_1_51' title='bbox 501 1079 595 1147; x_wconf 81' lang='grc' dir='ltr'><strong><em>κρεῶν</em></strong></span> <span class='ocrx_word' id='word_1_52' title='bbox 620 1068 742 1146; x_wconf 79' lang='grc' dir='ltr'><strong><em>εὐρεοῦς</em></strong></span> <span class='ocrx_word' id='word_1_53' title='bbox 765 1067 877 1141; x_wconf 82' lang='grc' dir='ltr'><strong><em>ἀκλεεῖς</em></strong></span> <span class='ocrx_word' id='word_1_54' title='bbox 900 1067 1021 1146; x_wconf 63' lang='grc' dir='ltr'>ἀκλεῶς,</span> <span class='ocrx_word' id='word_1_55' title='bbox 1048 1086 1130 1144; x_wconf 83' lang='lat' dir='ltr'>quae</span> <span class='ocrx_word' id='word_1_56' title='bbox 1154 1072 1274 1132; x_wconf 78' lang='lat' dir='ltr'>Atticis</span> <span class='ocrx_word' id='word_1_57' title='bbox 1296 1071 1416 1133; x_wconf 83' lang='lat' dir='ltr'>litteris</span> 
     </span>
     <span class='ocr_line' id='line_1_8' title="bbox 143 1172 1417 1251; baseline -0.004 -15"><span class='ocrx_word' id='word_1_58' title='bbox 143 1176 320 1251; x_wconf 87' lang='lat' dir='ltr'>perscripta</span> <span class='ocrx_word' id='word_1_59' title='bbox 351 1174 383 1233; x_wconf 90' lang='lat' dir='ltr'>in</span> <span class='ocrx_word' id='word_1_60' title='bbox 415 1172 595 1231; x_wconf 86' lang='lat' dir='ltr'>Homerum</span> <span class='ocrx_word' id='word_1_61' title='bbox 625 1173 772 1232; x_wconf 86' lang='lat' dir='ltr'>Atticum</span> <span class='ocrx_word' id='word_1_62' title='bbox 799 1175 903 1232; x_wconf 86' lang='lat' dir='ltr'>metro</span> <span class='ocrx_word' id='word_1_63' title='bbox 931 1174 1033 1234; x_wconf 87' lang='lat' dir='ltr'>invito</span> <span class='ocrx_word' id='word_1_64' title='bbox 1057 1174 1417 1248; x_wconf 57' lang='lat' dir='ltr'>irremotum-Altos</span> 
     </span>
     <span class='ocr_line' id='line_1_9' title="bbox 143 1275 1415 1335; baseline -0.002 1"><span class='ocrx_word' id='word_1_65' title='bbox 143 1277 291 1335; x_wconf 79' lang='grc' dir='ltr'><em>ΣΠΕΟΣ</em></span> <span class='ocrx_word' id='word_1_66' title='bbox 320 1276 460 1333; x_wconf 81' lang='grc' dir='ltr'><em>ΣΠΕΕΙ</em></span> <span class='ocrx_word' id='word_1_67' title='bbox 484 1275 653 1331; x_wconf 81' lang='grc' dir='ltr'><em>ΣΠΕΕΣΙ</em></span> <span class='ocrx_word' id='word_1_68' title='bbox 673 1275 817 1333; x_wconf 75' lang='grc' dir='ltr'><strong><em>ΚΡΕΟΝ</em></strong></span> <span class='ocrx_word' id='word_1_69' title='bbox 839 1276 1005 1334; x_wconf 73' lang='grc' dir='ltr'><em>ΕΥΡΕΟΣ</em></span> <span class='ocrx_word' id='word_1_70' title='bbox 1028 1277 1207 1333; x_wconf 82' lang='grc' dir='ltr'><em>ΑΚΛΕΕΣ</em></span> <span class='ocrx_word' id='word_1_71' title='bbox 1230 1276 1415 1335; x_wconf 82' lang='grc' dir='ltr'><em>ΑΚΛΕΟΣ.</em></span> 
     </span>
     <span class='ocr_line' id='line_1_10' title="bbox 143 1376 1414 1451; baseline -0.001 -13"><span class='ocrx_word' id='word_1_72' title='bbox 143 1381 259 1439; x_wconf 88' lang='lat' dir='ltr'>Postea</span> <span class='ocrx_word' id='word_1_73' title='bbox 293 1379 330 1437; x_wconf 88' lang='lat' dir='ltr'>ut</span> <span class='ocrx_word' id='word_1_74' title='bbox 359 1376 549 1435; x_wconf 89' lang='lat' dir='ltr'>tollerentur</span> <span class='ocrx_word' id='word_1_75' title='bbox 579 1376 659 1435; x_wconf 87' lang='lat' dir='ltr'>baec</span> <span class='ocrx_word' id='word_1_76' title='bbox 692 1377 809 1435; x_wconf 89' lang='lat' dir='ltr'>menda</span> <span class='ocrx_word' id='word_1_77' title='bbox 842 1377 956 1436; x_wconf 83' lang='lat' dir='ltr'>infelix</span> <span class='ocrx_word' id='word_1_78' title='bbox 988 1377 1131 1437; x_wconf 86' lang='lat' dir='ltr'>adhibita</span> <span class='ocrx_word' id='word_1_79' title='bbox 1162 1380 1213 1437; x_wconf 89' lang='lat' dir='ltr'>est</span> <span class='ocrx_word' id='word_1_80' title='bbox 1236 1378 1414 1451; x_wconf 88' lang='lat' dir='ltr'>medicina;</span> 
     </span>
     <span class='ocr_line' id='line_1_11' title="bbox 142 1476 1416 1552; baseline -0.001 -12"><span class='ocrx_word' id='word_1_81' title='bbox 142 1481 216 1540; x_wconf 90' lang='lat' dir='ltr'>hinc</span> <span class='ocrx_word' id='word_1_82' title='bbox 246 1481 358 1538; x_wconf 87' lang='lat' dir='ltr'>textus</span> <span class='ocrx_word' id='word_1_83' title='bbox 388 1476 518 1536; x_wconf 86' lang='lat' dir='ltr'>exhibet</span> <span class='ocrx_word' id='word_1_84' title='bbox 549 1477 671 1535; x_wconf 86' lang='lat' dir='ltr'>formas</span> <span class='ocrx_word' id='word_1_85' title='bbox 705 1491 804 1550; x_wconf 89' lang='lat' dir='ltr'>supra</span> <span class='ocrx_word' id='word_1_86' title='bbox 836 1478 963 1552; x_wconf 87' lang='lat' dir='ltr'>allatas,</span> <span class='ocrx_word' id='word_1_87' title='bbox 991 1493 1073 1551; x_wconf 90' lang='lat' dir='ltr'>quae</span> <span class='ocrx_word' id='word_1_88' title='bbox 1097 1493 1201 1551; x_wconf 87' lang='lat' dir='ltr'>neque</span> <span class='ocrx_word' id='word_1_89' title='bbox 1224 1478 1416 1539; x_wconf 86' lang='lat' dir='ltr'>Homericae</span> 
     </span>
     <span class='ocr_line' id='line_1_12' title="bbox 143 1578 1415 1652; baseline 0 -11"><span class='ocrx_word' id='word_1_90' title='bbox 143 1583 220 1641; x_wconf 86' lang='lat' dir='ltr'>sunt</span> <span class='ocrx_word' id='word_1_91' title='bbox 251 1595 354 1652; x_wconf 87' lang='lat' dir='ltr'>neque</span> <span class='ocrx_word' id='word_1_92' title='bbox 385 1579 512 1637; x_wconf 82' lang='lat' dir='ltr'>Atticae</span> <span class='ocrx_word' id='word_1_93' title='bbox 544 1592 646 1650; x_wconf 88' lang='lat' dir='ltr'>neque</span> <span class='ocrx_word' id='word_1_94' title='bbox 678 1578 777 1637; x_wconf 89' lang='lat' dir='ltr'>ullius</span> <span class='ocrx_word' id='word_1_95' title='bbox 811 1594 953 1652; x_wconf 88' lang='lat' dir='ltr'>unquam</span> <span class='ocrx_word' id='word_1_96' title='bbox 979 1581 1109 1640; x_wconf 85' lang='lat' dir='ltr'>fuerunt</span> <span class='ocrx_word' id='word_1_97' title='bbox 1133 1581 1261 1641; x_wconf 81' lang='lat' dir='ltr'>dialecti</span> <span class='ocrx_word' id='word_1_98' title='bbox 1287 1581 1415 1641; x_wconf 85' lang='lat' dir='ltr'>aliunde</span> 
     </span>
     <span class='ocr_line' id='line_1_13' title="bbox 144 1680 1415 1759; baseline 0.001 -17"><span class='ocrx_word' id='word_1_99' title='bbox 144 1682 300 1756; x_wconf 75' lang='lat' dir='ltr'>cognitae,</span> <span class='ocrx_word' id='word_1_100' title='bbox 325 1694 428 1752; x_wconf 87' lang='lat' dir='ltr'>neque</span> <span class='ocrx_word' id='word_1_101' title='bbox 452 1680 536 1738; x_wconf 87' lang='lat' dir='ltr'>inter</span> <span class='ocrx_word' id='word_1_102' title='bbox 559 1695 593 1738; x_wconf 89' lang='lat' dir='ltr'>se</span> <span class='ocrx_word' id='word_1_103' title='bbox 618 1681 824 1739; x_wconf 86' lang='lat' dir='ltr'>consentiunt</span> <span class='ocrx_word' id='word_1_104' title='bbox 845 1715 885 1723; x_wconf 95' lang='lat'>—</span> <span class='ocrx_word' id='word_1_105' title='bbox 909 1682 1003 1741; x_wconf 91' lang='lat' dir='ltr'>modo</span> <span class='ocrx_word' id='word_1_106' title='bbox 1028 1683 1115 1741; x_wconf 88' lang='lat' dir='ltr'>enim</span> <span class='ocrx_word' id='word_1_107' title='bbox 1142 1682 1261 1742; x_wconf 87' lang='lat' dir='ltr'>vocalis</span> <span class='ocrx_word' id='word_1_108' title='bbox 1281 1705 1300 1759; x_wconf 84' lang='grc' dir='ltr'><em>η</em></span> <span class='ocrx_word' id='word_1_109' title='bbox 1321 1683 1415 1743; x_wconf 89' lang='lat' dir='ltr'>modo</span> 
     </span>
     <span class='ocr_line' id='line_1_14' title="bbox 146 1781 1414 1858; baseline 0 -15"><span class='ocrx_word' id='word_1_110' title='bbox 146 1784 361 1858; x_wconf 82' lang='lat' dir='ltr'>diphthongus</span> <span class='ocrx_word' id='word_1_111' title='bbox 392 1803 416 1839; x_wconf 90' lang='grc' dir='ltr'>ει</span> <span class='ocrx_word' id='word_1_112' title='bbox 446 1782 486 1840; x_wconf 90' lang='lat' dir='ltr'>ad</span> <span class='ocrx_word' id='word_1_113' title='bbox 517 1781 645 1853; x_wconf 83' lang='lat' dir='ltr'>longam</span> <span class='ocrx_word' id='word_1_114' title='bbox 678 1783 839 1855; x_wconf 86' lang='lat' dir='ltr'>syllabam</span> <span class='ocrx_word' id='word_1_115' title='bbox 864 1784 1095 1856; x_wconf 82' lang='lat' dir='ltr'>designandam</span> <span class='ocrx_word' id='word_1_116' title='bbox 1120 1786 1172 1842; x_wconf 85' lang='lat' dir='ltr'>est</span> <span class='ocrx_word' id='word_1_117' title='bbox 1194 1786 1352 1857; x_wconf 87' lang='lat' dir='ltr'>usurpata</span> <span class='ocrx_word' id='word_1_118' title='bbox 1375 1815 1414 1825; x_wconf 93' lang='lat'>—</span> 
     </span>
     <span class='ocr_line' id='line_1_15' title="bbox 146 1882 1416 1959; baseline -0.001 -15"><span class='ocrx_word' id='word_1_119' title='bbox 146 1900 248 1958; x_wconf 87' lang='lat' dir='ltr'>neque</span> <span class='ocrx_word' id='word_1_120' title='bbox 279 1884 414 1956; x_wconf 89' lang='lat' dir='ltr'>denique</span> <span class='ocrx_word' id='word_1_121' title='bbox 446 1882 478 1941; x_wconf 93' lang='lat' dir='ltr'>in</span> <span class='ocrx_word' id='word_1_122' title='bbox 508 1882 579 1955; x_wconf 86' lang='lat' dir='ltr'>ipsa</span> <span class='ocrx_word' id='word_1_123' title='bbox 609 1898 717 1942; x_wconf 88' lang='lat' dir='ltr'>rerum</span> <span class='ocrx_word' id='word_1_124' title='bbox 749 1886 866 1943; x_wconf 89' lang='lat' dir='ltr'>natura</span> <span class='ocrx_word' id='word_1_125' title='bbox 899 1900 971 1944; x_wconf 88' lang='lat' dir='ltr'>esse</span> <span class='ocrx_word' id='word_1_126' title='bbox 1003 1888 1148 1958; x_wconf 86' lang='lat' dir='ltr'>possunt.</span> <span class='ocrx_word' id='word_1_127' title='bbox 1174 1884 1222 1943; x_wconf 81' lang='lat' dir='ltr'>Ex</span> <span class='ocrx_word' id='word_1_128' title='bbox 1250 1885 1416 1959; x_wconf 86' lang='lat' dir='ltr'>primitiva</span> 
     </span>
     <span class='ocr_line' id='line_1_16' title="bbox 145 1982 1415 2061; baseline 0.001 -17"><span class='ocrx_word' id='word_1_129' title='bbox 145 1986 232 2044; x_wconf 90' lang='lat' dir='ltr'>enim</span> <span class='ocrx_word' id='word_1_130' title='bbox 255 1985 388 2057; x_wconf 85' lang='lat' dir='ltr'>genitivi</span> <span class='ocrx_word' id='word_1_131' title='bbox 412 1985 516 2044; x_wconf 84' lang='lat' dir='ltr'>forma</span> <span class='ocrx_word' id='word_1_132' title='bbox 540 1982 665 2055; x_wconf 63' lang='lat' dir='ltr'>illlieog</span> <span class='ocrx_word' id='word_1_133' title='bbox 689 1986 779 2046; x_wconf 87' lang='lat' dir='ltr'>nasci</span> <span class='ocrx_word' id='word_1_134' title='bbox 802 1987 907 2060; x_wconf 86' lang='lat' dir='ltr'>potuit</span> <span class='ocrx_word' id='word_1_135' title='bbox 931 1984 1027 2059; x_wconf 78' lang='grc' dir='ltr'><em>δέους,</em></span> <span class='ocrx_word' id='word_1_136' title='bbox 1048 1987 1132 2060; x_wconf 87' lang='lat' dir='ltr'>quod</span> <span class='ocrx_word' id='word_1_137' title='bbox 1152 1987 1336 2047; x_wconf 84' lang='lat' dir='ltr'>Atticorum</span> <span class='ocrx_word' id='word_1_138' title='bbox 1356 1987 1415 2061; x_wconf 88' lang='lat' dir='ltr'>est,</span> 
     </span>
     <span class='ocr_line' id='line_1_17' title="bbox 147 2083 1416 2163; baseline 0.002 -19"><span class='ocrx_word' id='word_1_139' title='bbox 147 2088 197 2146; x_wconf 90' lang='lat' dir='ltr'>vel</span> <span class='ocrx_word' id='word_1_140' title='bbox 233 2083 325 2156; x_wconf 81' lang='grc' dir='ltr'><strong><em>ὁέευς,</em></strong></span> <span class='ocrx_word' id='word_1_141' title='bbox 360 2087 442 2158; x_wconf 85' lang='lat' dir='ltr'>quod</span> <span class='ocrx_word' id='word_1_142' title='bbox 476 2087 622 2146; x_wconf 90' lang='lat' dir='ltr'>Ionicum</span> <span class='ocrx_word' id='word_1_143' title='bbox 657 2087 757 2146; x_wconf 86' lang='lat' dir='ltr'>fuisse</span> <span class='ocrx_word' id='word_1_144' title='bbox 790 2089 901 2163; x_wconf 83' lang='lat' dir='ltr'>fertur,</span> <span class='ocrx_word' id='word_1_145' title='bbox 935 2089 1072 2148; x_wconf 86' lang='lat' dir='ltr'>fortasse</span> <span class='ocrx_word' id='word_1_146' title='bbox 1107 2089 1205 2148; x_wconf 87' lang='lat' dir='ltr'>etiam</span> <span class='ocrx_word' id='word_1_147' title='bbox 1237 2088 1316 2159; x_wconf 77' lang='grc' dir='ltr'><strong><em>δεῖος</em></strong></span> <span class='ocrx_word' id='word_1_148' title='bbox 1347 2089 1416 2148; x_wconf 89' lang='lat' dir='ltr'>sine</span> 
     </span>
     <span class='ocr_line' id='line_1_18' title="bbox 147 2187 1416 2263; baseline 0.002 -17"><span class='ocrx_word' id='word_1_149' title='bbox 147 2188 226 2247; x_wconf 91' lang='lat' dir='ltr'>vitio</span> <span class='ocrx_word' id='word_1_150' title='bbox 257 2187 346 2245; x_wconf 85' lang='lat' dir='ltr'>nasci</span> <span class='ocrx_word' id='word_1_151' title='bbox 377 2187 450 2246; x_wconf 92' lang='lat' dir='ltr'>inde</span> <span class='ocrx_word' id='word_1_152' title='bbox 473 2188 642 2262; x_wconf 88' lang='lat' dir='ltr'>potuisset,</span> <span class='ocrx_word' id='word_1_153' title='bbox 664 2189 773 2261; x_wconf 91' lang='lat' dir='ltr'>qualia</span> <span class='ocrx_word' id='word_1_154' title='bbox 796 2192 907 2249; x_wconf 89' lang='lat' dir='ltr'>tamen</span> <span class='ocrx_word' id='word_1_155' title='bbox 932 2188 993 2249; x_wconf 88' lang='lat' dir='ltr'>fide</span> <span class='ocrx_word' id='word_1_156' title='bbox 1018 2192 1145 2263; x_wconf 84' lang='lat' dir='ltr'>carent3</span> <span class='ocrx_word' id='word_1_157' title='bbox 1171 2191 1228 2250; x_wconf 88' lang='lat' dir='ltr'>sed</span> <span class='ocrx_word' id='word_1_158' title='bbox 1251 2188 1351 2261; x_wconf 83' lang='grc' dir='ltr'><strong><em>δείους</em></strong></span> <span class='ocrx_word' id='word_1_159' title='bbox 1374 2189 1416 2260; x_wconf 89' lang='lat' dir='ltr'>(ld</span> 
     </span>
     <span class='ocr_line' id='line_1_19' title="bbox 147 2286 1413 2364; baseline 0.002 -16"><span class='ocrx_word' id='word_1_160' title='bbox 147 2291 198 2348; x_wconf 88' lang='lat' dir='ltr'>est</span> <span class='ocrx_word' id='word_1_161' title='bbox 229 2286 334 2358; x_wconf 71' lang='grc' dir='ltr'><strong><em>δεέεος)</em></strong></span> <span class='ocrx_word' id='word_1_162' title='bbox 365 2304 427 2348; x_wconf 89' lang='lat' dir='ltr'>non</span> <span class='ocrx_word' id='word_1_163' title='bbox 459 2290 524 2347; x_wconf 86' lang='lat' dir='ltr'>iam</span> <span class='ocrx_word' id='word_1_164' title='bbox 561 2289 718 2349; x_wconf 84' lang='lat' dir='ltr'>Graecum</span> <span class='ocrx_word' id='word_1_165' title='bbox 755 2293 815 2364; x_wconf 87' lang='lat' dir='ltr'>est,</span> <span class='ocrx_word' id='word_1_166' title='bbox 846 2291 920 2350; x_wconf 91' lang='lat' dir='ltr'>licet</span> <span class='ocrx_word' id='word_1_167' title='bbox 952 2306 1007 2364; x_wconf 88' lang='lat' dir='ltr'>pro</span> <span class='ocrx_word' id='word_1_168' title='bbox 1039 2291 1210 2350; x_wconf 90' lang='lat' dir='ltr'>Homerico</span> <span class='ocrx_word' id='word_1_169' title='bbox 1241 2290 1413 2363; x_wconf 87' lang='lat' dir='ltr'>aliquando</span> 
     </span>
     <span class='ocr_line' id='line_1_20' title="bbox 149 2390 372 2449; baseline -0.004 0"><span class='ocrx_word' id='word_1_170' title='bbox 149 2390 294 2449; x_wconf 86' lang='lat' dir='ltr'>habitum</span> <span class='ocrx_word' id='word_1_171' title='bbox 319 2390 372 2448; x_wconf 87' lang='lat' dir='ltr'>sit.</span> 
     </span>
    </p>

    <p class='ocr_par' dir='ltr' id='par_1_3' title="bbox 146 2489 1426 4194">
     <span class='ocr_line' id='line_1_21' title="bbox 192 2489 1418 2570; baseline 0.001 -20"><span class='ocrx_word' id='word_1_172' title='bbox 192 2491 312 2550; x_wconf 86' lang='lat' dir='ltr'>Eadem</span> <span class='ocrx_word' id='word_1_173' title='bbox 337 2491 446 2550; x_wconf 88' lang='lat' dir='ltr'>valent</span> <span class='ocrx_word' id='word_1_174' title='bbox 470 2491 508 2550; x_wconf 92' lang='lat' dir='ltr'>de</span> <span class='ocrx_word' id='word_1_175' title='bbox 532 2492 664 2551; x_wconf 91' lang='lat' dir='ltr'>vocibus</span> <span class='ocrx_word' id='word_1_176' title='bbox 684 2492 805 2569; x_wconf 80' lang='grc' dir='ltr'><strong><em>κητώεις</em></strong></span> <span class='ocrx_word' id='word_1_177' title='bbox 827 2496 860 2552; x_wconf 91' lang='lat' dir='ltr'>et</span> <span class='ocrx_word' id='word_1_178' title='bbox 880 2489 985 2563; x_wconf 83' lang='grc' dir='ltr'><strong><em>ὠτώεις</em></strong></span> <span class='ocrx_word' id='word_1_179' title='bbox 1006 2496 1039 2552; x_wconf 88' lang='lat' dir='ltr'>et</span> <span class='ocrx_word' id='word_1_180' title='bbox 1058 2491 1177 2570; x_wconf 82' lang='grc' dir='ltr'><strong><em>εὐρώεις</em></strong></span> <span class='ocrx_word' id='word_1_181' title='bbox 1197 2493 1226 2562; x_wconf 64' lang='grc' dir='ltr'>(ἓ</span> <span class='ocrx_word' id='word_1_182' title='bbox 1247 2492 1289 2551; x_wconf 84' lang='grc'>70</span> <span class='ocrx_word' id='word_1_183' title='bbox 1306 2494 1340 2551; x_wconf 84' lang='lat' dir='ltr'>et</span> <span class='ocrx_word' id='word_1_184' title='bbox 1356 2492 1418 2568; x_wconf 77' lang='lat'><strong>72),</strong></span> 
     </span>
     <span class='ocr_line' id='line_1_22' title="bbox 149 2589 1420 2673; baseline 0.002 -22"><span class='ocrx_word' id='word_1_185' title='bbox 149 2592 231 2667; x_wconf 82' lang='grc' dir='ltr'><strong><em>φόως</em></strong></span> <span class='ocrx_word' id='word_1_186' title='bbox 262 2593 290 2661; x_wconf 69' lang='grc' dir='ltr'>(ἓ</span> <span class='ocrx_word' id='word_1_187' title='bbox 316 2593 378 2666; x_wconf 79' lang='lat'>71),</span> <span class='ocrx_word' id='word_1_188' title='bbox 413 2590 466 2651; x_wconf 84' lang='grc' dir='ltr'>ὅου</span> <span class='ocrx_word' id='word_1_189' title='bbox 500 2594 533 2652; x_wconf 82' lang='lat' dir='ltr'>et</span> <span class='ocrx_word' id='word_1_190' title='bbox 564 2589 722 2668; x_wconf 75' lang='grc' dir='ltr'><em>ἀδελφειοῦ</em></span> <span class='ocrx_word' id='word_1_191' title='bbox 755 2595 783 2665; x_wconf 66' lang='grc' dir='ltr'>(ἓ</span> <span class='ocrx_word' id='word_1_192' title='bbox 807 2596 870 2669; x_wconf 79' lang='grc'><strong>59),</strong></span> <span class='ocrx_word' id='word_1_193' title='bbox 899 2604 1028 2673; x_wconf 82' lang='grc' dir='ltr'><em>παρειῶν</em></span> <span class='ocrx_word' id='word_1_194' title='bbox 1052 2596 1080 2665; x_wconf 68' lang='grc' dir='ltr'>(ἓ</span> <span class='ocrx_word' id='word_1_195' title='bbox 1105 2599 1167 2671; x_wconf 83' lang='grc'><strong>56),</strong></span> <span class='ocrx_word' id='word_1_196' title='bbox 1193 2598 1316 2671; x_wconf 81' lang='grc' dir='ltr'><strong><em>μυθεῖαι</em></strong></span> <span class='ocrx_word' id='word_1_197' title='bbox 1342 2592 1364 2662; x_wconf 87' lang='lat'>¹)</span> <span class='ocrx_word' id='word_1_198' title='bbox 1387 2595 1420 2653; x_wconf 74' lang='lat' dir='ltr'>et</span> 
     </span>
     <span class='ocr_line' id='line_1_23' title="bbox 148 2692 1419 2769; baseline 0.002 -17"><span class='ocrx_word' id='word_1_199' title='bbox 148 2699 224 2752; x_wconf 83' lang='grc' dir='ltr'><strong><em>νεῖαι</em></strong></span> <span class='ocrx_word' id='word_1_200' title='bbox 248 2695 276 2764; x_wconf 66' lang='grc' dir='ltr'>(ἓ</span> <span class='ocrx_word' id='word_1_201' title='bbox 299 2695 382 2767; x_wconf 84' lang='grc'>191),</span> <span class='ocrx_word' id='word_1_202' title='bbox 415 2692 497 2753; x_wconf 86' lang='lat' dir='ltr'>aliis.</span> <span class='ocrx_word' id='word_1_203' title='bbox 534 2694 711 2754; x_wconf 88' lang='lat' dir='ltr'>Verborum</span> <span class='ocrx_word' id='word_1_204' title='bbox 745 2698 934 2769; x_wconf 86' lang='lat' dir='ltr'>praesertim</span> <span class='ocrx_word' id='word_1_205' title='bbox 968 2697 1063 2756; x_wconf 78' lang='lat' dir='ltr'>flexio</span> <span class='ocrx_word' id='word_1_206' title='bbox 1090 2696 1275 2755; x_wconf 89' lang='lat' dir='ltr'>huiusmodi</span> <span class='ocrx_word' id='word_1_207' title='bbox 1299 2695 1419 2754; x_wconf 85' lang='lat' dir='ltr'>messis</span> 
     </span>
     <span class='ocr_line' id='line_1_24' title="bbox 149 2794 1419 2874; baseline -0.002 -18"><span class='ocrx_word' id='word_1_208' title='bbox 149 2798 200 2856; x_wconf 88' lang='lat' dir='ltr'>est</span> <span class='ocrx_word' id='word_1_209' title='bbox 229 2796 441 2855; x_wconf 86' lang='lat' dir='ltr'>feracissima.</span> <span class='ocrx_word' id='word_1_210' title='bbox 473 2796 538 2869; x_wconf 91' lang='lat' dir='ltr'>Ipsi</span> <span class='ocrx_word' id='word_1_211' title='bbox 563 2799 711 2856; x_wconf 89' lang='lat' dir='ltr'>cantores</span> <span class='ocrx_word' id='word_1_212' title='bbox 734 2812 808 2856; x_wconf 90' lang='lat' dir='ltr'>cum</span> <span class='ocrx_word' id='word_1_213' title='bbox 834 2798 994 2858; x_wconf 84' lang='lat' dir='ltr'>dixissent</span> <span class='ocrx_word' id='word_1_214' title='bbox 1017 2813 1043 2858; x_wconf 91' lang='lat' dir='ltr'>e.</span> <span class='ocrx_word' id='word_1_215' title='bbox 1068 2813 1098 2870; x_wconf 86' lang='lat' dir='ltr'>g.</span> <span class='ocrx_word' id='word_1_216' title='bbox 1123 2794 1181 2855; x_wconf 81' lang='grc' dir='ltr'>ἒόω</span> <span class='ocrx_word' id='word_1_217' title='bbox 1204 2795 1330 2874; x_wconf 81' lang='grc' dir='ltr'><strong><em>τρόχαον</em></strong></span> <span class='ocrx_word' id='word_1_218' title='bbox 1353 2817 1419 2873; x_wconf 83' lang='grc' dir='ltr'><strong><em>τρο-</em></strong></span> 
     </span>
     <span class='ocr_line' id='line_1_25' title="bbox 146 2896 1421 2973; baseline 0.002 -18"><span class='ocrx_word' id='word_1_219' title='bbox 146 2896 275 2970; x_wconf 83' lang='grc' dir='ltr'><strong><em>ιιάουσιι,</em></strong></span> <span class='ocrx_word' id='word_1_220' title='bbox 305 2911 386 2968; x_wconf 88' lang='lat' dir='ltr'>quae</span> <span class='ocrx_word' id='word_1_221' title='bbox 421 2898 518 2956; x_wconf 88' lang='lat' dir='ltr'>verba</span> <span class='ocrx_word' id='word_1_222' title='bbox 549 2898 721 2971; x_wconf 84' lang='lat' dir='ltr'>praebebat</span> <span class='ocrx_word' id='word_1_223' title='bbox 752 2898 863 2971; x_wconf 86' lang='lat' dir='ltr'>lingua</span> <span class='ocrx_word' id='word_1_224' title='bbox 896 2899 1039 2973; x_wconf 87' lang='lat' dir='ltr'>antiqua,</span> <span class='ocrx_word' id='word_1_225' title='bbox 1070 2900 1175 2957; x_wconf 88' lang='lat' dir='ltr'>metro</span> <span class='ocrx_word' id='word_1_226' title='bbox 1205 2897 1308 2957; x_wconf 87' lang='lat' dir='ltr'>invito</span> <span class='ocrx_word' id='word_1_227' title='bbox 1340 2898 1421 2958; x_wconf 88' lang='lat' dir='ltr'>baec</span> 
     </span>
     <span class='ocr_line' id='line_1_26' title="bbox 147 2996 1421 3076; baseline -0.001 -18"><span class='ocrx_word' id='word_1_228' title='bbox 147 2999 295 3058; x_wconf 86' lang='lat' dir='ltr'>abierunt</span> <span class='ocrx_word' id='word_1_229' title='bbox 325 2999 357 3057; x_wconf 89' lang='lat' dir='ltr'>in</span> <span class='ocrx_word' id='word_1_230' title='bbox 388 2999 474 3058; x_wconf 86' lang='lat' dir='ltr'>Iadis</span> <span class='ocrx_word' id='word_1_231' title='bbox 505 3001 601 3071; x_wconf 86' lang='lat' dir='ltr'>atque</span> <span class='ocrx_word' id='word_1_232' title='bbox 634 3001 761 3060; x_wconf 82' lang='lat' dir='ltr'>Atticae</span> <span class='ocrx_word' id='word_1_233' title='bbox 793 3001 923 3060; x_wconf 87' lang='lat' dir='ltr'>dialecti</span> <span class='ocrx_word' id='word_1_234' title='bbox 956 3015 1051 3060; x_wconf 90' lang='lat' dir='ltr'>voces</span> <span class='ocrx_word' id='word_1_235' title='bbox 1075 2996 1112 3057; x_wconf 78' lang='grc' dir='ltr'>ἐῶ</span> <span class='ocrx_word' id='word_1_236' title='bbox 1136 2996 1247 3076; x_wconf 81' lang='grc' dir='ltr'><strong><em>τρόχων</em></strong></span> <span class='ocrx_word' id='word_1_237' title='bbox 1271 3007 1421 3076; x_wconf 72' lang='grc' dir='ltr'><strong><em>τρωπῶσα,</em></strong></span> 
     </span>
     <span class='ocr_line' id='line_1_27' title="bbox 146 3099 1419 3174; baseline 0 -15"><span class='ocrx_word' id='word_1_238' title='bbox 146 3102 167 3160; x_wconf 91' lang='lat' dir='ltr'>i.</span> <span class='ocrx_word' id='word_1_239' title='bbox 192 3117 219 3160; x_wconf 89' lang='lat' dir='ltr'>c.</span> <span class='ocrx_word' id='word_1_240' title='bbox 245 3102 300 3160; x_wconf 82' lang='grc' dir='ltr'>ΕΟ</span> <span class='ocrx_word' id='word_1_241' title='bbox 326 3101 492 3159; x_wconf 86' lang='grc' dir='ltr'><em>ΤΡΟΧΟΝ</em></span> <span class='ocrx_word' id='word_1_242' title='bbox 516 3102 717 3171; x_wconf 79' lang='grc' dir='ltr'><em>ΤΡΟΠΟΣΑ,</em></span> <span class='ocrx_word' id='word_1_243' title='bbox 737 3102 765 3160; x_wconf 89' lang='lat' dir='ltr'>si</span> <span class='ocrx_word' id='word_1_244' title='bbox 786 3103 905 3162; x_wconf 88' lang='lat' dir='ltr'>Atticis</span> <span class='ocrx_word' id='word_1_245' title='bbox 926 3101 1045 3160; x_wconf 90' lang='lat' dir='ltr'>litteris</span> <span class='ocrx_word' id='word_1_246' title='bbox 1063 3099 1310 3174; x_wconf 80' lang='lat' dir='ltr'>perscribimus3</span> <span class='ocrx_word' id='word_1_247' title='bbox 1335 3114 1419 3172; x_wconf 85' lang='lat' dir='ltr'>quae</span> 
     </span>
     <span class='ocr_line' id='line_1_28' title="bbox 147 3202 1421 3277; baseline 0.002 -17"><span class='ocrx_word' id='word_1_248' title='bbox 147 3217 221 3261; x_wconf 91' lang='lat' dir='ltr'>cum</span> <span class='ocrx_word' id='word_1_249' title='bbox 252 3203 285 3261; x_wconf 92' lang='lat' dir='ltr'>in</span> <span class='ocrx_word' id='word_1_250' title='bbox 316 3204 409 3262; x_wconf 88' lang='lat' dir='ltr'>textu</span> <span class='ocrx_word' id='word_1_251' title='bbox 433 3203 606 3263; x_wconf 90' lang='lat' dir='ltr'>Homerico</span> <span class='ocrx_word' id='word_1_252' title='bbox 630 3204 848 3277; x_wconf 86' lang='lat' dir='ltr'>repperissent</span> <span class='ocrx_word' id='word_1_253' title='bbox 872 3203 1130 3277; x_wconf 66' lang='lat' dir='ltr'>transcriptores</span> <span class='ocrx_word' id='word_1_254' title='bbox 1156 3202 1260 3262; x_wconf 89' lang='lat' dir='ltr'>metro</span> <span class='ocrx_word' id='word_1_255' title='bbox 1284 3203 1421 3275; x_wconf 81' lang='lat' dir='ltr'>urgente</span> 
     </span>
     <span class='ocr_line' id='line_1_29' title="bbox 148 3303 1422 3382; baseline 0.002 -20"><span class='ocrx_word' id='word_1_256' title='bbox 148 3304 221 3362; x_wconf 91' lang='lat' dir='ltr'>inde</span> <span class='ocrx_word' id='word_1_257' title='bbox 255 3304 399 3364; x_wconf 85' lang='lat' dir='ltr'>fecerunt</span> <span class='ocrx_word' id='word_1_258' title='bbox 434 3305 482 3363; x_wconf 82' lang='grc' dir='ltr'>εἰῶ</span> <span class='ocrx_word' id='word_1_259' title='bbox 515 3303 632 3382; x_wconf 75' lang='grc' dir='ltr'><strong><em>τρώχων</em></strong></span> <span class='ocrx_word' id='word_1_260' title='bbox 664 3312 818 3381; x_wconf 73' lang='grc' dir='ltr'><strong><em>τρωπῶσα,</em></strong></span> <span class='ocrx_word' id='word_1_261' title='bbox 849 3307 882 3364; x_wconf 90' lang='lat' dir='ltr'>et</span> <span class='ocrx_word' id='word_1_262' title='bbox 912 3306 991 3364; x_wconf 86' lang='lat' dir='ltr'>haec</span> <span class='ocrx_word' id='word_1_263' title='bbox 1023 3305 1089 3364; x_wconf 90' lang='lat' dir='ltr'>iam</span> <span class='ocrx_word' id='word_1_264' title='bbox 1113 3304 1283 3363; x_wconf 82' lang='lat' dir='ltr'>extantia</span> <span class='ocrx_word' id='word_1_265' title='bbox 1307 3318 1422 3364; x_wconf 87' lang='lat' dir='ltr'>manu·</span> 
     </span>
     <span class='ocr_line' id='line_1_30' title="bbox 148 3403 1423 3483; baseline 0.001 -19"><span class='ocrx_word' id='word_1_266' title='bbox 148 3406 277 3479; x_wconf 88' lang='lat' dir='ltr'>scriptis</span> <span class='ocrx_word' id='word_1_267' title='bbox 309 3421 390 3478; x_wconf 88' lang='lat' dir='ltr'>quae</span> <span class='ocrx_word' id='word_1_268' title='bbox 422 3407 461 3466; x_wconf 85' lang='lat' dir='ltr'>ad</span> <span class='ocrx_word' id='word_1_269' title='bbox 493 3422 552 3466; x_wconf 89' lang='lat' dir='ltr'>nos</span> <span class='ocrx_word' id='word_1_270' title='bbox 575 3410 800 3480; x_wconf 88' lang='lat' dir='ltr'>pervenerunt,</span> <span class='ocrx_word' id='word_1_271' title='bbox 824 3406 901 3465; x_wconf 88' lang='lat' dir='ltr'>licet</span> <span class='ocrx_word' id='word_1_272' title='bbox 924 3406 1037 3478; x_wconf 83' lang='lat' dir='ltr'>longae</span> <span class='ocrx_word' id='word_1_273' title='bbox 1061 3405 1205 3478; x_wconf 87' lang='lat' dir='ltr'>syllabae</span> <span class='ocrx_word' id='word_1_274' title='bbox 1230 3403 1270 3463; x_wconf 78' lang='grc' dir='ltr'>εἰ·</span> <span class='ocrx_word' id='word_1_275' title='bbox 1291 3408 1324 3465; x_wconf 89' lang='lat' dir='ltr'>et</span> <span class='ocrx_word' id='word_1_276' title='bbox 1348 3426 1423 3483; x_wconf 77' lang='grc' dir='ltr'><strong><em>τρω-</em></strong></span> 
     </span>
     <span class='ocr_line' id='line_1_31' title="bbox 148 3507 1425 3581; baseline 0.002 -15"><span class='ocrx_word' id='word_1_277' title='bbox 148 3507 237 3567; x_wconf 89' lang='lat' dir='ltr'>nulla</span> <span class='ocrx_word' id='word_1_278' title='bbox 267 3508 389 3567; x_wconf 88' lang='lat' dir='ltr'>ratione</span> <span class='ocrx_word' id='word_1_279' title='bbox 413 3508 540 3567; x_wconf 87' lang='lat' dir='ltr'>defendi</span> <span class='ocrx_word' id='word_1_280' title='bbox 562 3508 697 3581; x_wconf 84' lang='lat' dir='ltr'>possint.</span> <span class='ocrx_word' id='word_1_281' title='bbox 731 3507 907 3566; x_wconf 88' lang='lat' dir='ltr'>Videantur</span> <span class='ocrx_word' id='word_1_282' title='bbox 938 3509 1105 3580; x_wconf 87' lang='lat' dir='ltr'>praeterea</span> <span class='ocrx_word' id='word_1_283' title='bbox 1129 3520 1209 3578; x_wconf 80' lang='lat' dir='ltr'>quae</span> <span class='ocrx_word' id='word_1_284' title='bbox 1234 3507 1272 3566; x_wconf 86' lang='lat' dir='ltr'>de</span> <span class='ocrx_word' id='word_1_285' title='bbox 1296 3507 1425 3568; x_wconf 58' lang='lat' dir='ltr'>dodoci</span> 
     </span>
     <span class='ocr_line' id='line_1_32' title="bbox 148 3608 1426 3683; baseline 0.002 -15"><span class='ocrx_word' id='word_1_286' title='bbox 148 3623 230 3682; x_wconf 90' lang='lat' dir='ltr'>quae</span> <span class='ocrx_word' id='word_1_287' title='bbox 264 3610 391 3683; x_wconf 88' lang='lat' dir='ltr'>dicitur,</span> <span class='ocrx_word' id='word_1_288' title='bbox 426 3610 456 3670; x_wconf 92' lang='lat' dir='ltr'>id</span> <span class='ocrx_word' id='word_1_289' title='bbox 489 3611 539 3669; x_wconf 88' lang='lat' dir='ltr'>est</span> <span class='ocrx_word' id='word_1_290' title='bbox 571 3610 609 3668; x_wconf 90' lang='lat' dir='ltr'>de</span> <span class='ocrx_word' id='word_1_291' title='bbox 641 3612 776 3681; x_wconf 81' lang='lat' dir='ltr'>cognato</span> <span class='ocrx_word' id='word_1_292' title='bbox 809 3623 954 3667; x_wconf 90' lang='lat' dir='ltr'>errorum</span> <span class='ocrx_word' id='word_1_293' title='bbox 985 3622 1112 3682; x_wconf 82' lang='lat' dir='ltr'>genere,</span> <span class='ocrx_word' id='word_1_294' title='bbox 1145 3609 1178 3667; x_wconf 90' lang='lat' dir='ltr'>in</span> <span class='ocrx_word' id='word_1_295' title='bbox 1209 3608 1227 3677; x_wconf 67' lang='grc' dir='ltr'><strong>ἓ</strong></span> <span class='ocrx_word' id='word_1_296' title='bbox 1256 3610 1316 3668; x_wconf 75' lang='lat' dir='ltr'>lar</span> <span class='ocrx_word' id='word_1_297' title='bbox 1345 3612 1426 3670; x_wconf 90' lang='lat' dir='ltr'>sunt</span> 
     </span>
     <span class='ocr_line' id='line_1_33' title="bbox 148 3709 1423 3783; baseline 0.001 -13"><span class='ocrx_word' id='word_1_298' title='bbox 148 3711 329 3783; x_wconf 85' lang='lat' dir='ltr'>observata,</span> <span class='ocrx_word' id='word_1_299' title='bbox 362 3713 395 3769; x_wconf 89' lang='lat' dir='ltr'>et</span> <span class='ocrx_word' id='word_1_300' title='bbox 424 3712 503 3771; x_wconf 88' lang='lat' dir='ltr'>haec</span> <span class='ocrx_word' id='word_1_301' title='bbox 534 3711 669 3782; x_wconf 88' lang='lat' dir='ltr'>denique</span> <span class='ocrx_word' id='word_1_302' title='bbox 703 3710 792 3783; x_wconf 85' lang='lat' dir='ltr'>vitia,</span> <span class='ocrx_word' id='word_1_303' title='bbox 826 3724 907 3783; x_wconf 88' lang='lat' dir='ltr'>quae</span> <span class='ocrx_word' id='word_1_304' title='bbox 939 3725 980 3768; x_wconf 93' lang='lat' dir='ltr'>ex</span> <span class='ocrx_word' id='word_1_305' title='bbox 1012 3709 1125 3768; x_wconf 90' lang='lat' dir='ltr'>eodem</span> <span class='ocrx_word' id='word_1_306' title='bbox 1153 3710 1240 3770; x_wconf 85' lang='lat' dir='ltr'>fonte</span> <span class='ocrx_word' id='word_1_307' title='bbox 1264 3710 1423 3783; x_wconf 81' lang='lat' dir='ltr'>profluxe-</span> 
     </span>
     <span class='ocr_line' id='line_1_34' title="bbox 149 3811 1425 3888; baseline 0.002 -18"><span class='ocrx_word' id='word_1_308' title='bbox 149 3813 234 3886; x_wconf 90' lang='lat' dir='ltr'>runt,</span> <span class='ocrx_word' id='word_1_309' title='bbox 270 3811 409 3871; x_wconf 88' lang='lat' dir='ltr'>indicata</span> <span class='ocrx_word' id='word_1_310' title='bbox 444 3813 558 3871; x_wconf 88' lang='lat' dir='ltr'>sunto:</span> <span class='ocrx_word' id='word_1_311' title='bbox 591 3818 757 3888; x_wconf 70' lang='grc' dir='ltr'><strong><em>γουνοῦμαι</em></strong></span> <span class='ocrx_word' id='word_1_312' title='bbox 789 3826 845 3884; x_wconf 88' lang='lat' dir='ltr'>pro</span> <span class='ocrx_word' id='word_1_313' title='bbox 876 3819 1028 3888; x_wconf 80' lang='grc' dir='ltr'><strong><em>γουνῶμαι</em></strong></span> <span class='ocrx_word' id='word_1_314' title='bbox 1053 3811 1286 3886; x_wconf 74' lang='grc' dir='ltr'>(ΓΟΝΟΜΑΙ),</span> <span class='ocrx_word' id='word_1_315' title='bbox 1313 3812 1425 3873; x_wconf 82' lang='lat' dir='ltr'>idest</span> 
     </span>
     <span class='ocr_line' id='line_1_35' title="bbox 149 3911 1424 3990; baseline 0.004 -21"><span class='ocrx_word' id='word_1_316' title='bbox 149 3912 331 3990; x_wconf 79' lang='grc' dir='ltr'><strong><em>γουνόομνι;</em></strong></span> <span class='ocrx_word' id='word_1_317' title='bbox 373 3912 525 3972; x_wconf 79' lang='grc' dir='ltr'><strong><em>αἰδεῖσθαι</em></strong></span> <span class='ocrx_word' id='word_1_318' title='bbox 560 3928 616 3986; x_wconf 87' lang='lat' dir='ltr'>pro</span> <span class='ocrx_word' id='word_1_319' title='bbox 653 3911 792 3970; x_wconf 76' lang='grc' dir='ltr'><strong><em>νῖδεσθαι</em></strong></span> <span class='ocrx_word' id='word_1_320' title='bbox 828 3912 1073 3982; x_wconf 79' lang='grc' dir='ltr'><em>(ΑΙΔΕΣΘΑΙ).</em></span> <span class='ocrx_word' id='word_1_321' title='bbox 1109 3911 1258 3986; x_wconf 82' lang='lat' dir='ltr'>Duplices</span> <span class='ocrx_word' id='word_1_322' title='bbox 1295 3927 1424 3987; x_wconf 79' lang='lat' dir='ltr'>quoque</span> 
     </span>
     <span class='ocr_line' id='line_1_36' title="bbox 148 4011 1423 4091; baseline 0.001 -19"><span class='ocrx_word' id='word_1_323' title='bbox 148 4014 304 4074; x_wconf 80' lang='lat' dir='ltr'>lectiones</span> <span class='ocrx_word' id='word_1_324' title='bbox 339 4012 471 4073; x_wconf 87' lang='grc' dir='ltr'><strong><em>σκιόεντα</em></strong></span> <span class='ocrx_word' id='word_1_325' title='bbox 506 4016 576 4075; x_wconf 83' lang='lat' dir='ltr'>slve</span> <span class='ocrx_word' id='word_1_326' title='bbox 613 4013 759 4073; x_wconf 73' lang='grc' dir='ltr'><strong><em>σκιόωντό</em></strong></span> <span class='ocrx_word' id='word_1_327' title='bbox 794 4017 822 4072; x_wconf 87' lang='grc' dir='ltr'><em>Α</em></span> <span class='ocrx_word' id='word_1_328' title='bbox 855 4015 927 4089; x_wconf 81' lang='grc'>157,</span> <span class='ocrx_word' id='word_1_329' title='bbox 962 4011 1125 4090; x_wconf 82' lang='grc' dir='ltr'><strong><em>τροφόεντα</em></strong></span> <span class='ocrx_word' id='word_1_330' title='bbox 1156 4013 1226 4074; x_wconf 84' lang='lat' dir='ltr'>sive</span> <span class='ocrx_word' id='word_1_331' title='bbox 1256 4011 1423 4091; x_wconf 74' lang='grc' dir='ltr'><strong><em>προερέοντα</em></strong></span> 
     </span>
     <span class='ocr_line' id='line_1_37' title="bbox 149 4112 1423 4194; baseline 0.003 -21"><span class='ocrx_word' id='word_1_332' title='bbox 149 4138 167 4192; x_wconf 82' lang='lat' dir='ltr'><em>y</em></span> <span class='ocrx_word' id='word_1_333' title='bbox 192 4116 266 4190; x_wconf 83' lang='lat'><strong>290,</strong></span> <span class='ocrx_word' id='word_1_334' title='bbox 291 4113 445 4191; x_wconf 80' lang='grc' dir='ltr'><strong><em>μητιόεντα</em></strong></span> <span class='ocrx_word' id='word_1_335' title='bbox 469 4117 538 4176; x_wconf 83' lang='lat' dir='ltr'>sive</span> <span class='ocrx_word' id='word_1_336' title='bbox 563 4116 729 4194; x_wconf 83' lang='grc' dir='ltr'><strong><em>μητιόωντα</em></strong></span> <span class='ocrx_word' id='word_1_337' title='bbox 753 4116 771 4176; x_wconf 83' lang='grc' dir='ltr'><em>ὃ</em></span> <span class='ocrx_word' id='word_1_338' title='bbox 796 4118 869 4191; x_wconf 80' lang='lat'><strong>227,</strong></span> <span class='ocrx_word' id='word_1_339' title='bbox 894 4114 1041 4193; x_wconf 79' lang='grc' dir='ltr'><strong><em>ῥυπόεντα</em></strong></span> <span class='ocrx_word' id='word_1_340' title='bbox 1065 4114 1134 4174; x_wconf 82' lang='lat' dir='ltr'>sive</span> <span class='ocrx_word' id='word_1_341' title='bbox 1158 4112 1317 4194; x_wconf 78' lang='grc' dir='ltr'><strong><em>ῥυπόωντα</em></strong></span> <span class='ocrx_word' id='word_1_342' title='bbox 1340 4116 1358 4187; x_wconf 82' lang='grc' dir='ltr'><strong><em>ζ</em></strong></span> <span class='ocrx_word' id='word_1_343' title='bbox 1380 4116 1423 4177; x_wconf 86' lang='grc'>87</span> 
     </span>
    </p>
   </div>
   <div class='ocr_carea' id='block_1_3' title="bbox 147 4373 1425 4595">
    <p class='ocr_par' dir='ltr' id='par_1_4' title="bbox 147 4373 1425 4595">
     <span class='ocr_line' id='line_1_38' title="bbox 185 4373 1425 4437; baseline -0.003 -12"><span class='ocrx_word' id='word_1_344' title='bbox 185 4374 203 4437; x_wconf 78' lang='lat'>¹)</span> <span class='ocrx_word' id='word_1_345' title='bbox 221 4379 308 4437; x_wconf 81' lang='lat' dir='ltr'>Aeque</span> <span class='ocrx_word' id='word_1_346' title='bbox 333 4378 425 4424; x_wconf 82' lang='lat' dir='ltr'>vitiosa</span> <span class='ocrx_word' id='word_1_347' title='bbox 450 4380 511 4424; x_wconf 86' lang='lat' dir='ltr'>sunt</span> <span class='ocrx_word' id='word_1_348' title='bbox 535 4382 632 4433; x_wconf 70' lang='grc' dir='ltr'><strong><em>μυθιῖαι</em></strong></span> <span class='ocrx_word' id='word_1_349' title='bbox 660 4384 678 4422; x_wconf 71' lang='grc' dir='ltr'>,ν</span> <span class='ocrx_word' id='word_1_350' title='bbox 703 4379 750 4422; x_wconf 87' lang='grc'>180</span> <span class='ocrx_word' id='word_1_351' title='bbox 778 4379 803 4423; x_wconf 87' lang='lat' dir='ltr'>et</span> <span class='ocrx_word' id='word_1_352' title='bbox 828 4375 916 4431; x_wconf 69' lang='grc' dir='ltr'><strong><em>μυθέαι</em></strong></span> <span class='ocrx_word' id='word_1_353' title='bbox 938 4381 954 4436; x_wconf 64' lang='grc' dir='ltr'><em>μ</em></span> <span class='ocrx_word' id='word_1_354' title='bbox 978 4376 1035 4433; x_wconf 73' lang='lat' dir='ltr'>aba,</span> <span class='ocrx_word' id='word_1_355' title='bbox 1059 4374 1194 4432; x_wconf 85' lang='lat' dir='ltr'>utrobique</span> <span class='ocrx_word' id='word_1_356' title='bbox 1217 4373 1286 4420; x_wconf 88' lang='lat' dir='ltr'>enim</span> <span class='ocrx_word' id='word_1_357' title='bbox 1314 4374 1425 4421; x_wconf 79' lang='lat' dir='ltr'>formam</span> 
     </span>
     <span class='ocr_line' id='line_1_39' title="bbox 147 4452 1423 4517; baseline -0.003 -13"><span class='ocrx_word' id='word_1_358' title='bbox 147 4457 248 4514; x_wconf 76' lang='grc' dir='ltr'><strong><em>,ιιιιθὲιαι</em></strong></span> <span class='ocrx_word' id='word_1_359' title='bbox 272 4458 359 4516; x_wconf 79' lang='lat' dir='ltr'>lingna</span> <span class='ocrx_word' id='word_1_360' title='bbox 383 4458 476 4517; x_wconf 86' lang='lat' dir='ltr'>poscit,</span> <span class='ocrx_word' id='word_1_361' title='bbox 500 4456 613 4502; x_wconf 82' lang='lat' dir='ltr'>admittit</span> <span class='ocrx_word' id='word_1_362' title='bbox 630 4470 729 4511; x_wconf 80' lang='lat' dir='ltr'>versus,</span> <span class='ocrx_word' id='word_1_363' title='bbox 746 4455 792 4501; x_wconf 83' lang='lat' dir='ltr'>aed</span> <span class='ocrx_word' id='word_1_364' title='bbox 810 4454 951 4512; x_wconf 84' lang='lat' dir='ltr'>posteriore</span> <span class='ocrx_word' id='word_1_365' title='bbox 971 4454 1027 4500; x_wconf 91' lang='lat' dir='ltr'>loco</span> <span class='ocrx_word' id='word_1_366' title='bbox 1045 4453 1163 4499; x_wconf 88' lang='lat' dir='ltr'>elidenda</span> <span class='ocrx_word' id='word_1_367' title='bbox 1180 4456 1220 4499; x_wconf 85' lang='lat' dir='ltr'>est</span> <span class='ocrx_word' id='word_1_368' title='bbox 1238 4452 1338 4512; x_wconf 79' lang='lat' dir='ltr'>syllaba</span> <span class='ocrx_word' id='word_1_369' title='bbox 1358 4454 1423 4500; x_wconf 80' lang='lat' dir='ltr'>ilua-</span> 
     </span>
     <span class='ocr_line' id='line_1_40' title="bbox 152 4533 1050 4595; baseline -0.004 -13"><span class='ocrx_word' id='word_1_370' title='bbox 152 4539 191 4589; x_wconf 69' lang='lat' dir='ltr'>lla,</span> <span class='ocrx_word' id='word_1_371' title='bbox 208 4551 238 4582; x_wconf 85' lang='lat' dir='ltr'>ox</span> <span class='ocrx_word' id='word_1_372' title='bbox 256 4537 379 4583; x_wconf 84' lang='lat' dir='ltr'>hodierna</span> <span class='ocrx_word' id='word_1_373' title='bbox 398 4538 475 4595; x_wconf 78' lang='lat' dir='ltr'>igitur</span> <span class='ocrx_word' id='word_1_374' title='bbox 494 4536 620 4583; x_wconf 79' lang='lat' dir='ltr'>scribendi</span> <span class='ocrx_word' id='word_1_375' title='bbox 640 4536 737 4581; x_wconf 84' lang='lat' dir='ltr'>rationo</span> <span class='ocrx_word' id='word_1_376' title='bbox 755 4535 835 4591; x_wconf 67' lang='grc' dir='ltr'><strong><em>,ιιιιῶιῖ</em></strong></span> <span class='ocrx_word' id='word_1_377' title='bbox 857 4537 897 4578; x_wconf 85' lang='lat' dir='ltr'>cst</span> <span class='ocrx_word' id='word_1_378' title='bbox 914 4533 1050 4579; x_wconf 82' lang='lat' dir='ltr'>edendum.</span> 
     </span>
    </p>
   </div>
   <div class='ocr_carea' id='block_1_4' title="bbox 0 0 1574 5124">
    <p class='ocr_par' dir='ltr' id='par_1_5' title="bbox 0 0 1574 5124">
     <span class='ocr_line' id='line_1_41' title="bbox 0 0 1574 5124; baseline 0 0"><span class='ocrx_word' id='word_1_379' title='bbox 0 0 1574 5124; x_wconf 95' lang='lat' dir='ltr'> </span> 
     </span>
    </p>
   </div>
  </div>
 </body>
</html>
