<?xml version="1.0" encoding="UTF-8"?>
<!DOCTYPE html PUBLIC "-//W3C//DTD XHTML 1.0 Transitional//EN"
    "http://www.w3.org/TR/xhtml1/DTD/xhtml1-transitional.dtd">
<html xmlns="http://www.w3.org/1999/xhtml" xml:lang="en" lang="en">
 <head>
  <title>
</title>
<meta http-equiv="Content-Type" content="text/html;charset=utf-8" />
  <meta name='ocr-system' content='tesseract 3.04.00' />
  <meta name='ocr-capabilities' content='ocr_page ocr_carea ocr_par ocr_line ocrx_word'/>
</head>
<body>
  <div class='ocr_page' id='page_1' title='image "./enchiridiumdict00leeugoog/enchiridiumdict00leeugoog_0236.png"; bbox 0 0 3120 5124; ppageno 0'>
   <div class='ocr_carea' id='block_1_1' title="bbox 160 406 777 477">
    <p class='ocr_par' dir='ltr' id='par_1_1' title="bbox 160 406 777 477">
     <span class='ocr_line' id='line_1_1' title="bbox 160 406 777 477; baseline -0.002 -12"><span class='ocrx_word' id='word_1_1' title='bbox 160 407 171 474; x_wconf 71' lang='lat' dir='ltr'>d</span> <span class='ocrx_word' id='word_1_2' title='bbox 187 406 226 477; x_wconf 78' lang='lat'>40]</span> <span class='ocrx_word' id='word_1_3' title='bbox 716 406 777 465; x_wconf 81' lang='lat'>137</span> 
     </span>
    </p>
   </div>
   <div class='ocr_carea' id='block_1_2' title="bbox 140 592 1389 4433">
    <p class='ocr_par' dir='ltr' id='par_1_2' title="bbox 152 592 1389 1582">
     <span class='ocr_line' id='line_1_2' title="bbox 159 592 1388 671; baseline -0.002 -17"><span class='ocrx_word' id='word_1_4' title='bbox 159 592 1388 671; x_wconf 39' lang='lat' dir='ltr'>mmmmfflQ-mmmmmmmmbmmm</span> 
     </span>
     <span class='ocr_line' id='line_1_3' title="bbox 159 683 1388 770; baseline -0.002 -15"><span class='ocrx_word' id='word_1_5' title='bbox 159 683 277 769; x_wconf 79' lang='lat' dir='ltr'>cumque</span> <span class='ocrx_word' id='word_1_6' title='bbox 303 696 414 757; x_wconf 88' lang='lat' dir='ltr'>oculos</span> <span class='ocrx_word' id='word_1_7' title='bbox 441 697 555 756; x_wconf 90' lang='lat' dir='ltr'>statim</span> <span class='ocrx_word' id='word_1_8' title='bbox 586 696 716 770; x_wconf 84' lang='lat' dir='ltr'>feriunt,</span> <span class='ocrx_word' id='word_1_9' title='bbox 741 694 781 753; x_wconf 91' lang='lat' dir='ltr'>ad</span> <span class='ocrx_word' id='word_1_10' title='bbox 806 695 955 753; x_wconf 88' lang='lat' dir='ltr'>homines</span> <span class='ocrx_word' id='word_1_11' title='bbox 979 694 1076 754; x_wconf 90' lang='lat' dir='ltr'>sobrii</span> <span class='ocrx_word' id='word_1_12' title='bbox 1100 693 1209 754; x_wconf 88' lang='lat' dir='ltr'>iudicii</span> <span class='ocrx_word' id='word_1_13' title='bbox 1237 694 1388 767; x_wconf 89' lang='lat' dir='ltr'>repellen-</span> 
     </span>
     <span class='ocr_line' id='line_1_4' title="bbox 158 795 1386 873; baseline 0 -17"><span class='ocrx_word' id='word_1_14' title='bbox 158 797 197 856; x_wconf 87' lang='lat' dir='ltr'>dos</span> <span class='ocrx_word' id='word_1_15' title='bbox 220 798 391 873; x_wconf 87' lang='lat' dir='ltr'>aptissima.</span> <span class='ocrx_word' id='word_1_16' title='bbox 426 799 499 873; x_wconf 88' lang='lat' dir='ltr'>Ipse</span> <span class='ocrx_word' id='word_1_17' title='bbox 533 797 650 858; x_wconf 89' lang='lat' dir='ltr'>titulus</span> <span class='ocrx_word' id='word_1_18' title='bbox 685 797 808 866; x_wconf 55' lang='lat' dir='ltr'>uenena</span> <span class='ocrx_word' id='word_1_19' title='bbox 850 817 899 853; x_wconf 83' lang='grc' dir='ltr'>και</span> <span class='ocrx_word' id='word_1_20' title='bbox 938 795 1097 855; x_wconf 72' lang='lat' dir='ltr'>dedendae</span> <span class='ocrx_word' id='word_1_21' title='bbox 1128 797 1231 856; x_wconf 88' lang='lat' dir='ltr'>risum</span> <span class='ocrx_word' id='word_1_22' title='bbox 1266 799 1386 857; x_wconf 87' lang='lat' dir='ltr'>movet.</span> 
     </span>
     <span class='ocr_line' id='line_1_5' title="bbox 158 898 1386 977; baseline 0 -19"><span class='ocrx_word' id='word_1_23' title='bbox 158 898 267 960; x_wconf 80' lang='lat' dir='ltr'>Wilniae</span> <span class='ocrx_word' id='word_1_24' title='bbox 296 900 352 960; x_wconf 92' lang='lat' dir='ltr'>illa</span> <span class='ocrx_word' id='word_1_25' title='bbox 385 900 492 977; x_wconf 90' lang='lat' dir='ltr'>,ebria</span> <span class='ocrx_word' id='word_1_26' title='bbox 523 901 672 960; x_wconf 87' lang='lat' dir='ltr'>veratr0”</span> <span class='ocrx_word' id='word_1_27' title='bbox 707 899 741 958; x_wconf 91' lang='lat' dir='ltr'>iu</span> <span class='ocrx_word' id='word_1_28' title='bbox 773 899 975 958; x_wconf 82' lang='lat' dir='ltr'>contemtum</span> <span class='ocrx_word' id='word_1_29' title='bbox 1006 898 1141 957; x_wconf 87' lang='lat' dir='ltr'>adduxit</span> <span class='ocrx_word' id='word_1_30' title='bbox 1167 899 1246 957; x_wconf 90' lang='lat' dir='ltr'>baec</span> <span class='ocrx_word' id='word_1_31' title='bbox 1269 898 1386 958; x_wconf 88' lang='lat' dir='ltr'>studia.</span> 
     </span>
     <span class='ocr_line' id='line_1_6' title="bbox 157 999 1387 1078; baseline 0 -18"><span class='ocrx_word' id='word_1_32' title='bbox 157 999 274 1061; x_wconf 80' lang='lat' dir='ltr'>sordebat</span> <span class='ocrx_word' id='word_1_33' title='bbox 303 1002 369 1061; x_wconf 92' lang='lat' dir='ltr'>iam</span> <span class='ocrx_word' id='word_1_34' title='bbox 401 1004 567 1076; x_wconf 82' lang='lat' dir='ltr'>digamma</span> <span class='ocrx_word' id='word_1_35' title='bbox 600 1001 874 1078; x_wconf 88' lang='lat' dir='ltr'>,Britannicum”,</span> <span class='ocrx_word' id='word_1_36' title='bbox 899 1003 932 1060; x_wconf 91' lang='lat' dir='ltr'>et</span> <span class='ocrx_word' id='word_1_37' title='bbox 955 1000 1132 1060; x_wconf 88' lang='lat' dir='ltr'>verendum</span> <span class='ocrx_word' id='word_1_38' title='bbox 1156 1000 1325 1059; x_wconf 89' lang='lat' dir='ltr'>videbatur</span> <span class='ocrx_word' id='word_1_39' title='bbox 1347 1014 1387 1060; x_wconf 91' lang='lat' dir='ltr'>ne</span> 
     </span>
     <span class='ocr_line' id='line_1_7' title="bbox 156 1101 1387 1177; baseline 0 -16"><span class='ocrx_word' id='word_1_40' title='bbox 156 1101 222 1162; x_wconf 85' lang='lat' dir='ltr'>ludus</span> <span class='ocrx_word' id='word_1_41' title='bbox 246 1103 397 1176; x_wconf 82' lang='lat' dir='ltr'>locusque</span> <span class='ocrx_word' id='word_1_42' title='bbox 426 1103 519 1165; x_wconf 89' lang='lat' dir='ltr'>fleret</span> <span class='ocrx_word' id='word_1_43' title='bbox 548 1119 633 1164; x_wconf 90' lang='lat' dir='ltr'>nova</span> <span class='ocrx_word' id='word_1_44' title='bbox 660 1104 724 1163; x_wconf 89' lang='lat' dir='ltr'>ista</span> <span class='ocrx_word' id='word_1_45' title='bbox 747 1103 917 1177; x_wconf 80' lang='lat' dir='ltr'>sapientia,</span> <span class='ocrx_word' id='word_1_46' title='bbox 942 1116 1023 1174; x_wconf 88' lang='lat' dir='ltr'>quae</span> <span class='ocrx_word' id='word_1_47' title='bbox 1049 1101 1278 1161; x_wconf 85' lang='lat' dir='ltr'>vocabulorum</span> <span class='ocrx_word' id='word_1_48' title='bbox 1301 1117 1387 1176; x_wconf 90' lang='lat' dir='ltr'>pare-</span> 
     </span>
     <span class='ocr_line' id='line_1_8' title="bbox 156 1202 1389 1281; baseline -0.002 -17"><span class='ocrx_word' id='word_1_49' title='bbox 156 1206 189 1264; x_wconf 75' lang='lat' dir='ltr'>ddt</span> <span class='ocrx_word' id='word_1_50' title='bbox 208 1207 346 1280; x_wconf 71' lang='lat' dir='ltr'>portenta</span> <span class='ocrx_word' id='word_1_51' title='bbox 373 1207 482 1280; x_wconf 78' lang='lat' dir='ltr'>qualia</span> <span class='ocrx_word' id='word_1_52' title='bbox 504 1208 582 1267; x_wconf 70' lang='lat' dir='ltr'>sunt</span> <span class='ocrx_word' id='word_1_53' title='bbox 612 1205 762 1281; x_wconf 60' lang='lat' dir='ltr'>imbfpofg</span> <span class='ocrx_word' id='word_1_54' title='bbox 785 1204 933 1281; x_wconf 61' lang='lat' dir='ltr'>noufxng,</span> <span class='ocrx_word' id='word_1_55' title='bbox 955 1204 1112 1280; x_wconf 63' lang='lat' dir='ltr'>oxnefofg,</span> <span class='ocrx_word' id='word_1_56' title='bbox 1135 1203 1267 1279; x_wconf 59' lang='lat' dir='ltr'>serieve,</span> <span class='ocrx_word' id='word_1_57' title='bbox 1290 1202 1389 1280; x_wconf 70' lang='lat' dir='ltr'>(56ng,</span> 
     </span>
     <span class='ocr_line' id='line_1_9' title="bbox 155 1304 1386 1382; baseline 0.006 -23"><span class='ocrx_word' id='word_1_58' title='bbox 155 1304 273 1382; x_wconf 63' lang='lat' dir='ltr'>ledfredo,</span> <span class='ocrx_word' id='word_1_59' title='bbox 303 1307 431 1381; x_wconf 87' lang='lat' dir='ltr'>aliaque</span> <span class='ocrx_word' id='word_1_60' title='bbox 462 1307 493 1368; x_wconf 89' lang='lat' dir='ltr'>id</span> <span class='ocrx_word' id='word_1_61' title='bbox 516 1323 619 1380; x_wconf 86' lang='lat' dir='ltr'>genus</span> <span class='ocrx_word' id='word_1_62' title='bbox 643 1308 805 1367; x_wconf 84' lang='lat' dir='ltr'>sexcenta.</span> <span class='ocrx_word' id='word_1_63' title='bbox 830 1308 931 1366; x_wconf 79' lang='lat' dir='ltr'>Aceto</span> <span class='ocrx_word' id='word_1_64' title='bbox 954 1321 1018 1365; x_wconf 92' lang='lat' dir='ltr'>non</span> <span class='ocrx_word' id='word_1_65' title='bbox 1042 1306 1213 1379; x_wconf 88' lang='lat' dir='ltr'>captantur</span> <span class='ocrx_word' id='word_1_66' title='bbox 1237 1321 1386 1379; x_wconf 81' lang='lat' dir='ltr'>muscae3</span> 
     </span>
     <span class='ocr_line' id='line_1_10' title="bbox 154 1405 1387 1483; baseline 0.002 -19"><span class='ocrx_word' id='word_1_67' title='bbox 154 1405 194 1466; x_wconf 88' lang='lat' dir='ltr'>loc</span> <span class='ocrx_word' id='word_1_68' title='bbox 210 1407 333 1468; x_wconf 90' lang='lat' dir='ltr'>demum</span> <span class='ocrx_word' id='word_1_69' title='bbox 358 1408 459 1469; x_wconf 87' lang='lat' dir='ltr'>senile</span> <span class='ocrx_word' id='word_1_70' title='bbox 483 1412 554 1471; x_wconf 89' lang='lat' dir='ltr'>erat</span> <span class='ocrx_word' id='word_1_71' title='bbox 575 1409 749 1470; x_wconf 86' lang='lat' dir='ltr'>ludibrium</span> <span class='ocrx_word' id='word_1_72' title='bbox 773 1408 834 1468; x_wconf 82' lang='lat' dir='ltr'>viri</span> <span class='ocrx_word' id='word_1_73' title='bbox 857 1408 945 1469; x_wconf 90' lang='lat' dir='ltr'>acuti</span> <span class='ocrx_word' id='word_1_74' title='bbox 968 1409 1024 1468; x_wconf 90' lang='lat' dir='ltr'>sed</span> <span class='ocrx_word' id='word_1_75' title='bbox 1048 1408 1123 1468; x_wconf 91' lang='lat' dir='ltr'>huic</span> <span class='ocrx_word' id='word_1_76' title='bbox 1146 1409 1233 1482; x_wconf 91' lang='lat' dir='ltr'>operi</span> <span class='ocrx_word' id='word_1_77' title='bbox 1256 1424 1387 1483; x_wconf 89' lang='lat' dir='ltr'>prorsus</span> 
     </span>
     <span class='ocr_line' id='line_1_11' title="bbox 152 1506 261 1582; baseline 0.028 -15"><span class='ocrx_word' id='word_1_78' title='bbox 152 1506 261 1582; x_wconf 64' lang='lat' dir='ltr'>mm</span> 
     </span>
    </p>

    <p class='ocr_par' dir='ltr' id='par_1_3' title="bbox 147 1609 1387 2505">
     <span class='ocr_line' id='line_1_12' title="bbox 181 1609 1387 1688; baseline 0.001 -18"><span class='ocrx_word' id='word_1_79' title='bbox 181 1609 220 1671; x_wconf 85' lang='lat' dir='ltr'>Sic</span> <span class='ocrx_word' id='word_1_80' title='bbox 245 1611 370 1688; x_wconf 92' lang='lat' dir='ltr'>lumini,</span> <span class='ocrx_word' id='word_1_81' title='bbox 401 1612 485 1685; x_wconf 89' lang='lat' dir='ltr'>quod</span> <span class='ocrx_word' id='word_1_82' title='bbox 514 1612 681 1672; x_wconf 90' lang='lat' dir='ltr'>Bentleius</span> <span class='ocrx_word' id='word_1_83' title='bbox 707 1613 907 1687; x_wconf 84' lang='lat' dir='ltr'>accenderat,</span> <span class='ocrx_word' id='word_1_84' title='bbox 931 1613 1042 1672; x_wconf 86' lang='lat' dir='ltr'>fumus</span> <span class='ocrx_word' id='word_1_85' title='bbox 1065 1614 1323 1672; x_wconf 89' lang='lat' dir='ltr'>commentorum</span> <span class='ocrx_word' id='word_1_86' title='bbox 1349 1612 1387 1671; x_wconf 87' lang='lat' dir='ltr'>do</span> 
     </span>
     <span class='ocr_line' id='line_1_13' title="bbox 150 1710 1386 1789; baseline 0 -17"><span class='ocrx_word' id='word_1_87' title='bbox 150 1710 222 1772; x_wconf 84' lang='lat' dir='ltr'>riddo</span> <span class='ocrx_word' id='word_1_88' title='bbox 239 1711 386 1775; x_wconf 84' lang='lat' dir='ltr'>lictorum</span> <span class='ocrx_word' id='word_1_89' title='bbox 411 1714 515 1774; x_wconf 90' lang='lat' dir='ltr'>denuo</span> <span class='ocrx_word' id='word_1_90' title='bbox 536 1715 821 1789; x_wconf 86' lang='lat' dir='ltr'>praetendebatur;</span> <span class='ocrx_word' id='word_1_91' title='bbox 841 1715 870 1774; x_wconf 90' lang='lat' dir='ltr'>is</span> <span class='ocrx_word' id='word_1_92' title='bbox 889 1717 1010 1789; x_wconf 88' lang='lat' dir='ltr'>autem,</span> <span class='ocrx_word' id='word_1_93' title='bbox 1032 1715 1086 1786; x_wconf 87' lang='lat' dir='ltr'>qui</span> <span class='ocrx_word' id='word_1_94' title='bbox 1105 1714 1222 1773; x_wconf 89' lang='lat' dir='ltr'>librum</span> <span class='ocrx_word' id='word_1_95' title='bbox 1244 1715 1386 1787; x_wconf 90' lang='lat' dir='ltr'>spissum</span> 
     </span>
     <span class='ocr_line' id='line_1_14' title="bbox 150 1811 1386 1892; baseline 0.004 -22"><span class='ocrx_word' id='word_1_96' title='bbox 150 1811 176 1870; x_wconf 89' lang='lat' dir='ltr'>de</span> <span class='ocrx_word' id='word_1_97' title='bbox 190 1828 272 1873; x_wconf 82' lang='lat' dir='ltr'>versu</span> <span class='ocrx_word' id='word_1_98' title='bbox 292 1815 420 1877; x_wconf 88' lang='lat' dir='ltr'>heroico</span> <span class='ocrx_word' id='word_1_99' title='bbox 439 1830 523 1876; x_wconf 87' lang='lat' dir='ltr'>anno</span> <span class='ocrx_word' id='word_1_100' title='bbox 546 1816 630 1877; x_wconf 91' lang='grc'>1816</span> <span class='ocrx_word' id='word_1_101' title='bbox 651 1831 782 1890; x_wconf 90' lang='lat' dir='ltr'>operose</span> <span class='ocrx_word' id='word_1_102' title='bbox 802 1817 1001 1892; x_wconf 88' lang='lat' dir='ltr'>conscripsit,</span> <span class='ocrx_word' id='word_1_103' title='bbox 1023 1816 1213 1876; x_wconf 84' lang='lat' dir='ltr'>Franciscus</span> <span class='ocrx_word' id='word_1_104' title='bbox 1230 1816 1386 1890; x_wconf 85' lang='lat' dir='ltr'>Spitzner,</span> 
     </span>
     <span class='ocr_line' id='line_1_15' title="bbox 149 1916 1386 1992; baseline 0.004 -21"><span class='ocrx_word' id='word_1_105' title='bbox 149 1926 204 1974; x_wconf 85' lang='lat' dir='ltr'>rera</span> <span class='ocrx_word' id='word_1_106' title='bbox 221 1929 239 1975; x_wconf 89' lang='lat' dir='ltr'>a</span> <span class='ocrx_word' id='word_1_107' title='bbox 259 1916 352 1976; x_wconf 84' lang='lat' dir='ltr'>falsis</span> <span class='ocrx_word' id='word_1_108' title='bbox 375 1918 554 1979; x_wconf 89' lang='lat' dir='ltr'>discernere</span> <span class='ocrx_word' id='word_1_109' title='bbox 578 1933 642 1978; x_wconf 92' lang='lat' dir='ltr'>non</span> <span class='ocrx_word' id='word_1_110' title='bbox 661 1919 776 1992; x_wconf 90' lang='lat' dir='ltr'>potuit,</span> <span class='ocrx_word' id='word_1_111' title='bbox 797 1918 853 1977; x_wconf 91' lang='lat' dir='ltr'>sed</span> <span class='ocrx_word' id='word_1_112' title='bbox 877 1918 1061 1992; x_wconf 83' lang='lat' dir='ltr'>„digamma</span> <span class='ocrx_word' id='word_1_113' title='bbox 1081 1918 1224 1977; x_wconf 88' lang='lat' dir='ltr'>litteram</span> <span class='ocrx_word' id='word_1_114' title='bbox 1245 1917 1386 1976; x_wconf 86' lang='lat' dir='ltr'>Homero</span> 
     </span>
     <span class='ocr_line' id='line_1_16' title="bbox 149 2004 1383 2095; baseline 0.002 -20"><span class='ocrx_word' id='word_1_115' title='bbox 149 2004 346 2095; x_wconf 71' lang='lat' dir='ltr'>,ucognitam</span> <span class='ocrx_word' id='word_1_116' title='bbox 371 2019 498 2079; x_wconf 89' lang='lat' dir='ltr'>hiatum</span> <span class='ocrx_word' id='word_1_117' title='bbox 522 2035 598 2079; x_wconf 89' lang='lat' dir='ltr'>vero</span> <span class='ocrx_word' id='word_1_118' title='bbox 620 2035 682 2080; x_wconf 90' lang='lat' dir='ltr'>usn</span> <span class='ocrx_word' id='word_1_119' title='bbox 705 2019 930 2079; x_wconf 88' lang='lat' dir='ltr'>vetustissimo</span> <span class='ocrx_word' id='word_1_120' title='bbox 950 2035 1014 2079; x_wconf 91' lang='lat' dir='ltr'>non</span> <span class='ocrx_word' id='word_1_121' title='bbox 1032 2020 1240 2079; x_wconf 88' lang='lat' dir='ltr'>interdictum</span> <span class='ocrx_word' id='word_1_122' title='bbox 1261 2019 1383 2078; x_wconf 86' lang='lat' dir='ltr'>fuisse‘’</span> 
     </span>
     <span class='ocr_line' id='line_1_17' title="bbox 147 2116 1385 2198; baseline 0.001 -21"><span class='ocrx_word' id='word_1_123' title='bbox 147 2116 259 2189; x_wconf 84' lang='lat' dir='ltr'>pndtan</span> <span class='ocrx_word' id='word_1_124' title='bbox 279 2137 342 2181; x_wconf 91' lang='lat' dir='ltr'>non</span> <span class='ocrx_word' id='word_1_125' title='bbox 367 2120 528 2182; x_wconf 90' lang='lat' dir='ltr'>dubitavit</span> <span class='ocrx_word' id='word_1_126' title='bbox 550 2121 582 2198; x_wconf 81' lang='lat'>¹),</span> <span class='ocrx_word' id='word_1_127' title='bbox 609 2156 650 2164; x_wconf 94' lang='lat'>-</span> <span class='ocrx_word' id='word_1_128' title='bbox 674 2137 789 2181; x_wconf 90' lang='lat' dir='ltr'>omnes</span> <span class='ocrx_word' id='word_1_129' title='bbox 819 2120 973 2180; x_wconf 89' lang='lat' dir='ltr'>nimirum</span> <span class='ocrx_word' id='word_1_130' title='bbox 999 2122 1115 2193; x_wconf 92' lang='lat' dir='ltr'>ubique</span> <span class='ocrx_word' id='word_1_131' title='bbox 1139 2121 1286 2180; x_wconf 82' lang='lat' dir='ltr'>ferendos</span> <span class='ocrx_word' id='word_1_132' title='bbox 1309 2120 1385 2179; x_wconf 89' lang='lat' dir='ltr'>iudi·</span> 
     </span>
     <span class='ocr_line' id='line_1_18' title="bbox 147 2221 1386 2296; baseline 0.001 -17"><span class='ocrx_word' id='word_1_133' title='bbox 147 2231 205 2278; x_wconf 75' lang='lat' dir='ltr'>cans</span> <span class='ocrx_word' id='word_1_134' title='bbox 227 2221 334 2281; x_wconf 86' lang='lat' dir='ltr'>hiatus</span> <span class='ocrx_word' id='word_1_135' title='bbox 365 2224 447 2295; x_wconf 89' lang='lat' dir='ltr'>quod</span> <span class='ocrx_word' id='word_1_136' title='bbox 478 2224 575 2284; x_wconf 91' lang='lat' dir='ltr'>certis</span> <span class='ocrx_word' id='word_1_137' title='bbox 606 2224 790 2284; x_wconf 84' lang='lat' dir='ltr'>hexametri</span> <span class='ocrx_word' id='word_1_138' title='bbox 821 2223 952 2283; x_wconf 89' lang='lat' dir='ltr'>sedibus</span> <span class='ocrx_word' id='word_1_139' title='bbox 976 2238 1031 2283; x_wconf 91' lang='lat' dir='ltr'>eos</span> <span class='ocrx_word' id='word_1_140' title='bbox 1055 2238 1074 2281; x_wconf 90' lang='lat' dir='ltr'>a</span> <span class='ocrx_word' id='word_1_141' title='bbox 1096 2222 1201 2296; x_wconf 90' lang='lat' dir='ltr'>poetis</span> <span class='ocrx_word' id='word_1_142' title='bbox 1224 2221 1386 2281; x_wconf 89' lang='lat' dir='ltr'>admissos</span> 
     </span>
     <span class='ocr_line' id='line_1_19' title="bbox 147 2321 1385 2398; baseline 0.002 -20"><span class='ocrx_word' id='word_1_143' title='bbox 147 2331 201 2379; x_wconf 83' lang='lat' dir='ltr'>usse</span> <span class='ocrx_word' id='word_1_144' title='bbox 224 2322 422 2397; x_wconf 82' lang='lat' dir='ltr'>intellegeret</span> <span class='ocrx_word' id='word_1_145' title='bbox 453 2327 486 2385; x_wconf 94' lang='lat' dir='ltr'>et</span> <span class='ocrx_word' id='word_1_146' title='bbox 516 2327 639 2386; x_wconf 88' lang='lat' dir='ltr'>temere</span> <span class='ocrx_word' id='word_1_147' title='bbox 671 2341 690 2384; x_wconf 90' lang='lat' dir='ltr'>a</span> <span class='ocrx_word' id='word_1_148' title='bbox 721 2325 842 2385; x_wconf 88' lang='lat' dir='ltr'>criticis</span> <span class='ocrx_word' id='word_1_149' title='bbox 873 2323 1028 2398; x_wconf 82' lang='lat' dir='ltr'>expletos.</span> <span class='ocrx_word' id='word_1_150' title='bbox 1054 2324 1114 2384; x_wconf 90' lang='lat' dir='ltr'>Hic</span> <span class='ocrx_word' id='word_1_151' title='bbox 1136 2322 1278 2397; x_wconf 82' lang='lat' dir='ltr'>profecto</span> <span class='ocrx_word' id='word_1_152' title='bbox 1301 2321 1385 2382; x_wconf 81' lang='grc' dir='ltr'><strong><em>οἴνου</em></strong></span> 
     </span>
     <span class='ocr_line' id='line_1_20' title="bbox 147 2420 609 2505; baseline 0.017 -28"><span class='ocrx_word' id='word_1_153' title='bbox 147 2420 264 2497; x_wconf 78' lang='grc' dir='ltr'><strong><em>παρόντος</em></strong></span> <span class='ocrx_word' id='word_1_154' title='bbox 287 2421 355 2497; x_wconf 79' lang='grc' dir='ltr'><strong><em>ὄξος</em></strong></span> <span class='ocrx_word' id='word_1_155' title='bbox 376 2422 497 2505; x_wconf 74' lang='grc' dir='ltr'><em>ἠράσθη</em></span> <span class='ocrx_word' id='word_1_156' title='bbox 521 2431 609 2486; x_wconf 81' lang='grc' dir='ltr'><em>πιεῖν.</em></span> 
     </span>
    </p>

    <p class='ocr_par' dir='ltr' id='par_1_4' title="bbox 141 2523 1386 4231">
     <span class='ocr_line' id='line_1_21' title="bbox 181 2523 1385 2601; baseline 0.002 -19"><span class='ocrx_word' id='word_1_157' title='bbox 181 2523 213 2583; x_wconf 79' lang='lat' dir='ltr'>dt</span> <span class='ocrx_word' id='word_1_158' title='bbox 239 2540 355 2600; x_wconf 83' lang='lat' dir='ltr'>magna</span> <span class='ocrx_word' id='word_1_159' title='bbox 392 2531 444 2588; x_wconf 85' lang='lat' dir='ltr'>est</span> <span class='ocrx_word' id='word_1_160' title='bbox 478 2528 529 2588; x_wconf 85' lang='lat' dir='ltr'>vis</span> <span class='ocrx_word' id='word_1_161' title='bbox 560 2527 724 2601; x_wconf 81' lang='lat' dir='ltr'>ueritatis;</span> <span class='ocrx_word' id='word_1_162' title='bbox 757 2528 883 2588; x_wconf 90' lang='lat' dir='ltr'>semina</span> <span class='ocrx_word' id='word_1_163' title='bbox 915 2528 1031 2601; x_wconf 85' lang='lat' dir='ltr'>frigore</span> <span class='ocrx_word' id='word_1_164' title='bbox 1061 2528 1193 2586; x_wconf 91' lang='lat' dir='ltr'>hiberno</span> <span class='ocrx_word' id='word_1_165' title='bbox 1225 2526 1385 2600; x_wconf 90' lang='lat' dir='ltr'>torpentia</span> 
     </span>
     <span class='ocr_line' id='line_1_22' title="bbox 146 2627 1385 2706; baseline 0.005 -27"><span class='ocrx_word' id='word_1_166' title='bbox 146 2636 195 2682; x_wconf 90' lang='lat' dir='ltr'>uon</span> <span class='ocrx_word' id='word_1_167' title='bbox 218 2631 356 2706; x_wconf 90' lang='lat' dir='ltr'>pereunt,</span> <span class='ocrx_word' id='word_1_168' title='bbox 388 2630 445 2690; x_wconf 89' lang='lat' dir='ltr'>sed</span> <span class='ocrx_word' id='word_1_169' title='bbox 472 2631 558 2691; x_wconf 89' lang='lat' dir='ltr'>veris</span> <span class='ocrx_word' id='word_1_170' title='bbox 582 2633 615 2691; x_wconf 88' lang='lat' dir='ltr'>et</span> <span class='ocrx_word' id='word_1_171' title='bbox 639 2631 759 2690; x_wconf 88' lang='lat' dir='ltr'>favonii</span> <span class='ocrx_word' id='word_1_172' title='bbox 783 2632 910 2703; x_wconf 88' lang='lat' dir='ltr'>gratam</span> <span class='ocrx_word' id='word_1_173' title='bbox 935 2630 1041 2689; x_wconf 89' lang='lat' dir='ltr'>vicem</span> <span class='ocrx_word' id='word_1_174' title='bbox 1065 2631 1246 2703; x_wconf 87' lang='lat' dir='ltr'>expectant.</span> <span class='ocrx_word' id='word_1_175' title='bbox 1272 2627 1385 2687; x_wconf 86' lang='lat' dir='ltr'>Editio·</span> 
     </span>
     <span class='ocr_line' id='line_1_23' title="bbox 146 2727 1384 2806; baseline 0.007 -26"><span class='ocrx_word' id='word_1_176' title='bbox 146 2737 205 2784; x_wconf 88' lang='lat' dir='ltr'>uem</span> <span class='ocrx_word' id='word_1_177' title='bbox 219 2727 420 2792; x_wconf 86' lang='lat' dir='ltr'>Homericam</span> <span class='ocrx_word' id='word_1_178' title='bbox 436 2732 546 2792; x_wconf 88' lang='lat' dir='ltr'>littera</span> <span class='ocrx_word' id='word_1_179' title='bbox 562 2733 584 2790; x_wconf 67' lang='lat' dir='ltr'>f</span> <span class='ocrx_word' id='word_1_180' title='bbox 603 2733 808 2806; x_wconf 89' lang='lat' dir='ltr'>instructam,</span> <span class='ocrx_word' id='word_1_181' title='bbox 833 2747 931 2804; x_wconf 88' lang='lat' dir='ltr'>quam</span> <span class='ocrx_word' id='word_1_182' title='bbox 952 2746 1053 2791; x_wconf 87' lang='lat' dir='ltr'>senex</span> <span class='ocrx_word' id='word_1_183' title='bbox 1072 2731 1239 2791; x_wconf 88' lang='lat' dir='ltr'>Bentleius</span> <span class='ocrx_word' id='word_1_184' title='bbox 1260 2731 1384 2790; x_wconf 90' lang='lat' dir='ltr'>inchoa·</span> 
     </span>
     <span class='ocr_line' id='line_1_24' title="bbox 146 2830 1385 2909; baseline 0.006 -24"><span class='ocrx_word' id='word_1_185' title='bbox 146 2830 225 2904; x_wconf 79' lang='lat' dir='ltr'>verat,</span> <span class='ocrx_word' id='word_1_186' title='bbox 251 2847 351 2892; x_wconf 87' lang='lat' dir='ltr'>senex</span> <span class='ocrx_word' id='word_1_187' title='bbox 382 2834 556 2909; x_wconf 89' lang='lat' dir='ltr'>Knightius</span> <span class='ocrx_word' id='word_1_188' title='bbox 583 2836 799 2896; x_wconf 90' lang='lat' dir='ltr'>tumultuaria</span> <span class='ocrx_word' id='word_1_189' title='bbox 827 2849 923 2909; x_wconf 91' lang='lat' dir='ltr'>opera</span> <span class='ocrx_word' id='word_1_190' title='bbox 946 2849 1005 2894; x_wconf 90' lang='lat' dir='ltr'>nec</span> <span class='ocrx_word' id='word_1_191' title='bbox 1029 2834 1098 2893; x_wconf 88' lang='lat' dir='ltr'>sino</span> <span class='ocrx_word' id='word_1_192' title='bbox 1122 2834 1279 2894; x_wconf 90' lang='lat' dir='ltr'>bonarum</span> <span class='ocrx_word' id='word_1_193' title='bbox 1303 2833 1385 2893; x_wconf 91' lang='lat' dir='ltr'>litte-</span> 
     </span>
     <span class='ocr_line' id='line_1_25' title="bbox 146 2935 1383 3012; baseline 0.003 -23"><span class='ocrx_word' id='word_1_194' title='bbox 146 2940 231 2992; x_wconf 86' lang='lat' dir='ltr'>rarum</span> <span class='ocrx_word' id='word_1_195' title='bbox 261 2935 455 2996; x_wconf 89' lang='lat' dir='ltr'>detrimento</span> <span class='ocrx_word' id='word_1_196' title='bbox 490 2938 681 3012; x_wconf 84' lang='lat' dir='ltr'>confecerat,</span> <span class='ocrx_word' id='word_1_197' title='bbox 717 2953 818 2997; x_wconf 84' lang='lat' dir='ltr'>senex</span> <span class='ocrx_word' id='word_1_198' title='bbox 855 2937 998 3010; x_wconf 90' lang='lat' dir='ltr'>suscepit</span> <span class='ocrx_word' id='word_1_199' title='bbox 1033 2936 1216 2995; x_wconf 87' lang='lat' dir='ltr'>immanuel</span> <span class='ocrx_word' id='word_1_200' title='bbox 1248 2935 1383 3009; x_wconf 87' lang='lat' dir='ltr'>Bekker,</span> 
     </span>
     <span class='ocr_line' id='line_1_26' title="bbox 147 3025 1384 3113; baseline 0.005 -25"><span class='ocrx_word' id='word_1_201' title='bbox 147 3025 230 3092; x_wconf 85' lang='lat' dir='ltr'>Woldi</span> <span class='ocrx_word' id='word_1_202' title='bbox 254 3035 438 3111; x_wconf 78' lang='lat' dir='ltr'>discipulus</span> <span class='ocrx_word' id='word_1_203' title='bbox 471 3038 530 3112; x_wconf 76' lang='lat' dir='ltr'>Qui</span> <span class='ocrx_word' id='word_1_204' title='bbox 562 3053 637 3099; x_wconf 91' lang='lat' dir='ltr'>curn</span> <span class='ocrx_word' id='word_1_205' title='bbox 669 3054 753 3097; x_wconf 90' lang='lat' dir='ltr'>anno</span> <span class='ocrx_word' id='word_1_206' title='bbox 786 3038 870 3097; x_wconf 82' lang='lat'>1858</span> <span class='ocrx_word' id='word_1_207' title='bbox 902 3038 1047 3113; x_wconf 89' lang='lat' dir='ltr'>Iliadem,</span> <span class='ocrx_word' id='word_1_208' title='bbox 1071 3038 1146 3096; x_wconf 88' lang='lat' dir='ltr'>ante</span> <span class='ocrx_word' id='word_1_209' title='bbox 1172 3052 1274 3096; x_wconf 91' lang='lat' dir='ltr'>annos</span> <span class='ocrx_word' id='word_1_210' title='bbox 1297 3037 1384 3108; x_wconf 86' lang='lat' dir='ltr'>quin·</span> 
     </span>
     <span class='ocr_line' id='line_1_27' title="bbox 146 3129 1381 3217; baseline 0.006 -29"><span class='ocrx_word' id='word_1_211' title='bbox 146 3129 227 3195; x_wconf 87' lang='lat' dir='ltr'>decim</span> <span class='ocrx_word' id='word_1_212' title='bbox 253 3153 272 3198; x_wconf 93' lang='lat' dir='ltr'>a</span> <span class='ocrx_word' id='word_1_213' title='bbox 301 3154 338 3199; x_wconf 89' lang='lat' dir='ltr'>se</span> <span class='ocrx_word' id='word_1_214' title='bbox 369 3139 500 3217; x_wconf 88' lang='lat' dir='ltr'>editam,</span> <span class='ocrx_word' id='word_1_215' title='bbox 532 3156 597 3201; x_wconf 88' lang='lat' dir='ltr'>una</span> <span class='ocrx_word' id='word_1_216' title='bbox 628 3156 702 3200; x_wconf 89' lang='lat' dir='ltr'>cnm</span> <span class='ocrx_word' id='word_1_217' title='bbox 734 3140 879 3214; x_wconf 88' lang='lat' dir='ltr'>Odyssea</span> <span class='ocrx_word' id='word_1_218' title='bbox 909 3141 1012 3199; x_wconf 91' lang='lat' dir='ltr'>denuo</span> <span class='ocrx_word' id='word_1_219' title='bbox 1043 3141 1294 3212; x_wconf 85' lang='lat' dir='ltr'>recognosceret,</span> <span class='ocrx_word' id='word_1_220' title='bbox 1324 3138 1381 3212; x_wconf 85' lang='lat' dir='ltr'>,di-</span> 
     </span>
     <span class='ocr_line' id='line_1_28' title="bbox 146 3240 1384 3316; baseline -0.003 -14"><span class='ocrx_word' id='word_1_221' title='bbox 146 3244 251 3302; x_wconf 61' lang='lat' dir='ltr'>gamma</span> <span class='ocrx_word' id='word_1_222' title='bbox 271 3241 402 3300; x_wconf 90' lang='lat' dir='ltr'>reduxit</span> <span class='ocrx_word' id='word_1_223' title='bbox 424 3244 583 3314; x_wconf 89' lang='lat' dir='ltr'>quantum</span> <span class='ocrx_word' id='word_1_224' title='bbox 607 3244 733 3316; x_wconf 89' lang='lat' dir='ltr'>poterat</span> <span class='ocrx_word' id='word_1_225' title='bbox 758 3244 790 3302; x_wconf 89' lang='lat' dir='ltr'>et</span> <span class='ocrx_word' id='word_1_226' title='bbox 810 3242 959 3316; x_wconf 80' lang='lat' dir='ltr'>licebat‘,</span> <span class='ocrx_word' id='word_1_227' title='bbox 982 3241 1119 3313; x_wconf 88' lang='lat' dir='ltr'>vestigia</span> <span class='ocrx_word' id='word_1_228' title='bbox 1139 3240 1237 3312; x_wconf 89' lang='lat' dir='ltr'>igitur</span> <span class='ocrx_word' id='word_1_229' title='bbox 1256 3240 1384 3313; x_wconf 87' lang='lat' dir='ltr'>Heynii,</span> 
     </span>
     <span class='ocr_line' id='line_1_29' title="bbox 146 3333 1386 3419; baseline 0.006 -27"><span class='ocrx_word' id='word_1_230' title='bbox 146 3333 324 3401; x_wconf 77' lang='lat' dir='ltr'>adinvenis</span> <span class='ocrx_word' id='word_1_231' title='bbox 356 3342 523 3403; x_wconf 89' lang='lat' dir='ltr'>oblocutus</span> <span class='ocrx_word' id='word_1_232' title='bbox 555 3345 670 3419; x_wconf 87' lang='lat' dir='ltr'>fuerat,</span> <span class='ocrx_word' id='word_1_233' title='bbox 695 3344 754 3403; x_wconf 88' lang='lat' dir='ltr'>sub</span> <span class='ocrx_word' id='word_1_234' title='bbox 780 3344 866 3403; x_wconf 87' lang='lat' dir='ltr'>vitae</span> <span class='ocrx_word' id='word_1_235' title='bbox 891 3343 988 3402; x_wconf 89' lang='lat' dir='ltr'>finem</span> <span class='ocrx_word' id='word_1_236' title='bbox 1013 3343 1082 3416; x_wconf 88' lang='lat' dir='ltr'>ipse</span> <span class='ocrx_word' id='word_1_237' title='bbox 1105 3342 1225 3414; x_wconf 86' lang='lat' dir='ltr'>legens.</span> <span class='ocrx_word' id='word_1_238' title='bbox 1251 3341 1321 3401; x_wconf 93' lang='lat' dir='ltr'>Non</span> <span class='ocrx_word' id='word_1_239' title='bbox 1346 3341 1386 3400; x_wconf 91' lang='lat' dir='ltr'>ab</span> 
     </span>
     <span class='ocr_line' id='line_1_30' title="bbox 146 3439 1385 3521; baseline 0.002 -22"><span class='ocrx_word' id='word_1_240' title='bbox 146 3439 325 3515; x_wconf 78' lang='lat' dir='ltr'>camparte</span> <span class='ocrx_word' id='word_1_241' title='bbox 358 3445 439 3504; x_wconf 89' lang='lat' dir='ltr'>satis</span> <span class='ocrx_word' id='word_1_242' title='bbox 467 3445 664 3520; x_wconf 89' lang='lat' dir='ltr'>probabilem</span> <span class='ocrx_word' id='word_1_243' title='bbox 696 3461 769 3506; x_wconf 90' lang='lat' dir='ltr'>esse</span> <span class='ocrx_word' id='word_1_244' title='bbox 800 3446 971 3521; x_wconf 88' lang='lat' dir='ltr'>rationem,</span> <span class='ocrx_word' id='word_1_245' title='bbox 1003 3459 1101 3517; x_wconf 84' lang='lat' dir='ltr'>quam</span> <span class='ocrx_word' id='word_1_246' title='bbox 1128 3443 1162 3503; x_wconf 92' lang='lat' dir='ltr'>in</span> <span class='ocrx_word' id='word_1_247' title='bbox 1186 3443 1385 3503; x_wconf 85' lang='lat' dir='ltr'>restituendo</span> 
     </span>
     <span class='ocr_line' id='line_1_31' title="bbox 144 3534 1386 3620; baseline -0.006 -11"><span class='ocrx_word' id='word_1_248' title='bbox 144 3534 279 3608; x_wconf 67' lang='lat' dir='ltr'>digamo</span> <span class='ocrx_word' id='word_1_249' title='bbox 303 3545 469 3606; x_wconf 87' lang='lat' dir='ltr'>Bekkerus</span> <span class='ocrx_word' id='word_1_250' title='bbox 492 3549 624 3607; x_wconf 88' lang='lat' dir='ltr'>secutus</span> <span class='ocrx_word' id='word_1_251' title='bbox 645 3547 760 3620; x_wconf 84' lang='lat' dir='ltr'>suerat,</span> <span class='ocrx_word' id='word_1_252' title='bbox 781 3547 873 3606; x_wconf 90' lang='lat' dir='ltr'>nihili</span> <span class='ocrx_word' id='word_1_253' title='bbox 893 3547 978 3606; x_wconf 91' lang='lat' dir='ltr'>enim</span> <span class='ocrx_word' id='word_1_254' title='bbox 1000 3547 1122 3606; x_wconf 87' lang='lat' dir='ltr'>formas</span> <span class='ocrx_word' id='word_1_255' title='bbox 1143 3561 1214 3605; x_wconf 87' lang='lat' dir='ltr'>esse</span> <span class='ocrx_word' id='word_1_256' title='bbox 1236 3542 1386 3620; x_wconf 80' lang='grc' dir='ltr'><em>ἐφήνδανε</em></span> 
     </span>
     <span class='ocr_line' id='line_1_32' title="bbox 143 3631 1385 3723; baseline 0.002 -19"><span class='ocrx_word' id='word_1_257' title='bbox 143 3631 1385 3723; x_wconf 49' lang='lat' dir='ltr'>&amp;mmmmmwmmfflmmwmwmwmmmmmm</span> 
     </span>
     <span class='ocr_line' id='line_1_33' title="bbox 143 3737 1383 3825; baseline 0.001 -20"><span class='ocrx_word' id='word_1_258' title='bbox 143 3737 175 3796; x_wconf 70' lang='lat' dir='ltr'>A·</span> <span class='ocrx_word' id='word_1_259' title='bbox 192 3741 314 3808; x_wconf 81' lang='lat' dir='ltr'>teslrien</span> <span class='ocrx_word' id='word_1_260' title='bbox 341 3749 436 3825; x_wconf 85' lang='grc'>1866,</span> <span class='ocrx_word' id='word_1_261' title='bbox 462 3749 560 3810; x_wconf 80' lang='lat' dir='ltr'>Cobet</span> <span class='ocrx_word' id='word_1_262' title='bbox 586 3752 670 3811; x_wconf 83' lang='lat'>1874</span> <span class='ocrx_word' id='word_1_263' title='bbox 699 3752 732 3810; x_wconf 91' lang='lat' dir='ltr'>in</span> <span class='ocrx_word' id='word_1_264' title='bbox 756 3751 966 3823; x_wconf 85' lang='lat' dir='ltr'>Mnemosyne</span> <span class='ocrx_word' id='word_1_265' title='bbox 990 3766 1019 3823; x_wconf 90' lang='lat' dir='ltr'>p.</span> <span class='ocrx_word' id='word_1_266' title='bbox 1045 3752 1106 3810; x_wconf 83' lang='lat'>201</span> <span class='ocrx_word' id='word_1_267' title='bbox 1134 3765 1201 3821; x_wconf 79' lang='lat' dir='ltr'>squ.</span> <span class='ocrx_word' id='word_1_268' title='bbox 1228 3750 1383 3807; x_wconf 89' lang='lat' dir='ltr'>Attamen</span> 
     </span>
     <span class='ocr_line' id='line_1_34' title="bbox 142 3838 1382 3926; baseline 0.003 -22"><span class='ocrx_word' id='word_1_269' title='bbox 142 3838 256 3908; x_wconf 78' lang='lat' dir='ltr'>innuas</span> <span class='ocrx_word' id='word_1_270' title='bbox 285 3849 379 3911; x_wconf 84' lang='lat' dir='ltr'>sedes</span> <span class='ocrx_word' id='word_1_271' title='bbox 409 3852 541 3913; x_wconf 88' lang='lat' dir='ltr'>tandem</span> <span class='ocrx_word' id='word_1_272' title='bbox 565 3853 735 3926; x_wconf 88' lang='lat' dir='ltr'>aliquando</span> <span class='ocrx_word' id='word_1_273' title='bbox 760 3854 892 3913; x_wconf 91' lang='lat' dir='ltr'>reducta</span> <span class='ocrx_word' id='word_1_274' title='bbox 912 3855 983 3912; x_wconf 89' lang='lat' dir='ltr'>erat</span> <span class='ocrx_word' id='word_1_275' title='bbox 1005 3853 1137 3912; x_wconf 84' lang='lat' dir='ltr'>Aeolica</span> <span class='ocrx_word' id='word_1_276' title='bbox 1160 3867 1241 3923; x_wconf 86' lang='lat' dir='ltr'>quae</span> <span class='ocrx_word' id='word_1_277' title='bbox 1266 3851 1382 3909; x_wconf 88' lang='lat' dir='ltr'>dicitur</span> 
     </span>
     <span class='ocr_line' id='line_1_35' title="bbox 142 3939 1384 4028; baseline 0.004 -23"><span class='ocrx_word' id='word_1_278' title='bbox 142 3939 236 4024; x_wconf 82' lang='lat' dir='ltr'>littera,</span> <span class='ocrx_word' id='word_1_279' title='bbox 256 3966 319 4011; x_wconf 91' lang='lat' dir='ltr'>non</span> <span class='ocrx_word' id='word_1_280' title='bbox 342 3952 375 4012; x_wconf 89' lang='lat' dir='ltr'>in</span> <span class='ocrx_word' id='word_1_281' title='bbox 400 3955 624 4014; x_wconf 88' lang='lat' dir='ltr'>annotationes</span> <span class='ocrx_word' id='word_1_282' title='bbox 648 3955 806 4028; x_wconf 87' lang='lat' dir='ltr'>relegata;</span> <span class='ocrx_word' id='word_1_283' title='bbox 835 3955 968 4015; x_wconf 89' lang='lat' dir='ltr'>reducta</span> <span class='ocrx_word' id='word_1_284' title='bbox 996 3957 1106 4014; x_wconf 85' lang='lat' dir='ltr'>autem</span> <span class='ocrx_word' id='word_1_285' title='bbox 1127 3970 1144 4013; x_wconf 92' lang='lat' dir='ltr'>e</span> <span class='ocrx_word' id='word_1_286' title='bbox 1166 3954 1259 4025; x_wconf 88' lang='lat' dir='ltr'>longo</span> <span class='ocrx_word' id='word_1_287' title='bbox 1288 3952 1384 4011; x_wconf 88' lang='lat' dir='ltr'>exilio</span> 
     </span>
     <span class='ocr_line' id='line_1_36' title="bbox 141 4046 1384 4128; baseline 0.005 -22"><span class='ocrx_word' id='word_1_288' title='bbox 141 4046 196 4104; x_wconf 70' lang='lat' dir='ltr'>erat</span> <span class='ocrx_word' id='word_1_289' title='bbox 220 4064 278 4111; x_wconf 90' lang='lat' dir='ltr'>non</span> <span class='ocrx_word' id='word_1_290' title='bbox 300 4068 320 4112; x_wconf 93' lang='lat' dir='ltr'>a</span> <span class='ocrx_word' id='word_1_291' title='bbox 343 4054 515 4114; x_wconf 90' lang='lat' dir='ltr'>temerario</span> <span class='ocrx_word' id='word_1_292' title='bbox 547 4055 654 4128; x_wconf 88' lang='lat' dir='ltr'>aliquo</span> <span class='ocrx_word' id='word_1_293' title='bbox 678 4057 808 4116; x_wconf 90' lang='lat' dir='ltr'>homine</span> <span class='ocrx_word' id='word_1_294' title='bbox 832 4071 990 4115; x_wconf 91' lang='lat' dir='ltr'>novarum</span> <span class='ocrx_word' id='word_1_295' title='bbox 1016 4070 1123 4114; x_wconf 89' lang='lat' dir='ltr'>rerum</span> <span class='ocrx_word' id='word_1_296' title='bbox 1148 4055 1302 4128; x_wconf 90' lang='lat' dir='ltr'>studioso,</span> <span class='ocrx_word' id='word_1_297' title='bbox 1328 4055 1384 4113; x_wconf 90' lang='lat' dir='ltr'>sed</span> 
     </span>
     <span class='ocr_line' id='line_1_37' title="bbox 141 4141 1205 4231; baseline 0.006 -23"><span class='ocrx_word' id='word_1_298' title='bbox 141 4141 174 4201; x_wconf 76' lang='lat' dir='ltr'>ab</span> <span class='ocrx_word' id='word_1_299' title='bbox 192 4148 238 4210; x_wconf 89' lang='lat' dir='ltr'>illo</span> <span class='ocrx_word' id='word_1_300' title='bbox 258 4153 326 4213; x_wconf 90' lang='lat' dir='ltr'>viro</span> <span class='ocrx_word' id='word_1_301' title='bbox 351 4169 413 4227; x_wconf 90' lang='lat' dir='ltr'>qno</span> <span class='ocrx_word' id='word_1_302' title='bbox 437 4171 532 4216; x_wconf 89' lang='lat' dir='ltr'>nemo</span> <span class='ocrx_word' id='word_1_303' title='bbox 555 4157 664 4231; x_wconf 91' lang='lat' dir='ltr'>plures</span> <span class='ocrx_word' id='word_1_304' title='bbox 688 4159 862 4231; x_wconf 85' lang='lat' dir='ltr'>scriptores</span> <span class='ocrx_word' id='word_1_305' title='bbox 889 4158 1028 4217; x_wconf 82' lang='lat' dir='ltr'>Graecos</span> <span class='ocrx_word' id='word_1_306' title='bbox 1053 4157 1205 4216; x_wconf 88' lang='lat' dir='ltr'>ediderat.</span> 
     </span>
    </p>

    <p class='ocr_par' dir='ltr' id='par_1_5' title="bbox 140 4247 1384 4433">
     <span class='ocr_line' id='line_1_38' title="bbox 176 4247 1384 4332; baseline 0.007 -23"><span class='ocrx_word' id='word_1_307' title='bbox 176 4247 293 4314; x_wconf 86' lang='lat' dir='ltr'>Interim</span> <span class='ocrx_word' id='word_1_308' title='bbox 322 4258 519 4331; x_wconf 91' lang='lat' dir='ltr'>comparatio</span> <span class='ocrx_word' id='word_1_309' title='bbox 551 4259 735 4332; x_wconf 89' lang='lat' dir='ltr'>linguarum</span> <span class='ocrx_word' id='word_1_310' title='bbox 768 4261 978 4332; x_wconf 88' lang='lat' dir='ltr'>cognatarum</span> <span class='ocrx_word' id='word_1_311' title='bbox 1003 4261 1036 4318; x_wconf 87' lang='lat' dir='ltr'>et</span> <span class='ocrx_word' id='word_1_312' title='bbox 1059 4258 1230 4317; x_wconf 87' lang='lat' dir='ltr'>emendata</span> <span class='ocrx_word' id='word_1_313' title='bbox 1254 4257 1384 4317; x_wconf 90' lang='lat' dir='ltr'>omnino</span> 
     </span>
     <span class='ocr_line' id='line_1_39' title="bbox 140 4350 1382 4433; baseline 0.002 -17"><span class='ocrx_word' id='word_1_314' title='bbox 140 4350 204 4410; x_wconf 68' lang='lat' dir='ltr'>artis</span> <span class='ocrx_word' id='word_1_315' title='bbox 224 4357 451 4427; x_wconf 81' lang='lat' dir='ltr'>grammaticae</span> <span class='ocrx_word' id='word_1_316' title='bbox 474 4359 556 4419; x_wconf 90' lang='lat' dir='ltr'>ratio</span> <span class='ocrx_word' id='word_1_317' title='bbox 579 4374 699 4418; x_wconf 88' lang='lat' dir='ltr'>novam</span> <span class='ocrx_word' id='word_1_318' title='bbox 723 4360 829 4420; x_wconf 89' lang='lat' dir='ltr'>lucem</span> <span class='ocrx_word' id='word_1_319' title='bbox 855 4361 929 4419; x_wconf 89' lang='lat' dir='ltr'>huic</span> <span class='ocrx_word' id='word_1_320' title='bbox 954 4374 1078 4432; x_wconf 86' lang='lat' dir='ltr'>quoqne</span> <span class='ocrx_word' id='word_1_321' title='bbox 1099 4359 1168 4418; x_wconf 90' lang='lat' dir='ltr'>loco</span> <span class='ocrx_word' id='word_1_322' title='bbox 1192 4359 1382 4433; x_wconf 67' lang='lat' dir='ltr'>attulerunt</span> 
     </span>
    </p>
   </div>
   <div class='ocr_carea' id='block_1_3' title="bbox 140 4483 333 4504">
    <p class='ocr_par' dir='ltr' id='par_1_6' title="bbox 140 4483 333 4504">
     <span class='ocr_line' id='line_1_40' title="bbox 140 4483 333 4504; baseline 0 0"><span class='ocrx_word' id='word_1_323' title='bbox 140 4483 333 4504; x_wconf 33' lang='lat' dir='ltr'>&#39;x—</span> 
     </span>
    </p>
   </div>
   <div class='ocr_carea' id='block_1_4' title="bbox 169 4562 611 4639">
    <p class='ocr_par' dir='ltr' id='par_1_7' title="bbox 169 4562 611 4639">
     <span class='ocr_line' id='line_1_41' title="bbox 169 4562 611 4639; baseline 0.023 -22"><span class='ocrx_word' id='word_1_324' title='bbox 169 4562 184 4632; x_wconf 73' lang='lat'>1)</span> <span class='ocrx_word' id='word_1_325' title='bbox 197 4571 249 4634; x_wconf 70' lang='lat' dir='ltr'>rag.</span> <span class='ocrx_word' id='word_1_326' title='bbox 267 4577 326 4635; x_wconf 60' lang='grc' dir='ltr'>ηπ</span> <span class='ocrx_word' id='word_1_327' title='bbox 344 4578 412 4626; x_wconf 76' lang='lat' dir='ltr'>conr.</span> <span class='ocrx_word' id='word_1_328' title='bbox 430 4578 491 4625; x_wconf 80' lang='lat' dir='ltr'>rard.</span> <span class='ocrx_word' id='word_1_329' title='bbox 510 4593 534 4639; x_wconf 80' lang='lat' dir='ltr'>p.</span> <span class='ocrx_word' id='word_1_330' title='bbox 555 4581 611 4629; x_wconf 85' lang='lat'>110.</span> 
     </span>
    </p>
   </div>
   <div class='ocr_carea' id='block_1_5' title="bbox 0 0 1564 5124">
    <p class='ocr_par' dir='ltr' id='par_1_8' title="bbox 0 0 1564 5124">
     <span class='ocr_line' id='line_1_42' title="bbox 0 0 1564 5124; baseline 0 6"><span class='ocrx_word' id='word_1_331' title='bbox 0 0 1564 5124; x_wconf 95' lang='lat' dir='ltr'> </span> 
     </span>
    </p>
   </div>
  </div>
 </body>
</html>
