3120 5124
69 452 87 521 fi
112 451 189 523 329]
664 455 727 515 589

69 641 124 713 qui
155 640 184 698 si
216 653 329 699 verum
360 639 527 714 vidissent,
558 632 586 699 εἴ
608 634 637 698 d'
673 644 715 709 (=
739 631 766 697 ci
796 637 843 713 δὴ)
874 636 1080 696 scribendum
1114 634 1197 695 roret
1224 635 1340 708 potius.

69 741 130 799 His
172 739 310 814 praeivit
355 740 511 814 Nican0r;
561 742 622 800 vid.
663 741 811 800 Eustath.
857 739 930 812 107,
968 738 1007 796 17
1043 751 1123 810 sqq,
1162 736 1256 810 1080,
1289 738 1342 810 63,

71 843 166 916 1410,
200 843 239 900 41
265 842 299 901 et
320 843 468 915 inprimis
505 844 599 917 1519,
624 844 664 903 31
691 849 827 918 φανερῶς
851 837 983 898 ἐνταῦθα
1012 837 1040 906 (δ
1064 837 1139 905 832)
1162 840 1254 894 κεῖται
1277 832 1342 894 ἀντὶ

68 950 120 1001 τοῦ
144 935 189 1000 εἶα
214 940 251 1017 δὴ
276 938 389 1020 ἅγε...,
414 941 446 1002 τὸ
477 941 531 1020 γὰρ
557 943 698 1002 εἰπεῖν...
731 943 757 1001 εἰ
780 937 811 1000 di
835 940 936 1018 βούλει
958 935 1010 1017 ἄγε
1034 937 1102 1007 (tali
1126 937 1213 996 enim
1237 937 1343 1010 ellipsi

68 1043 164 1102 multi
198 1043 451 1104 condicionalem
485 1045 632 1104 voculam
666 1044 692 1103 εἰ
723 1043 884 1118 explicare
915 1041 1119 1107 studuerunt)
1162 1036 1341 1116 ἀδιανόηπόν

62 1141 135 1202 ἐστι.
168 1143 213 1204 ds.
239 1143 466 1205 1161116Η6111.
492 1141 790 1212 (11611111131320.

113 1323 142 1381 7.
166 1329 202 1398 πῆ
226 1337 297 1396 cccc,
322 1338 359 1381 ca
382 1322 492 1396 accipe.
517 1323 605 1384 Haec
629 1323 796 1398 particula,
821 1336 904 1394 quae
928 1321 1040 1394 postea
1062 1319 1096 1376 in
1119 1317 1253 1391 prrica
1277 1317 1340 1376 dla-

65 1421 150 1482 lecto
174 1423 362 1498 permansit,
387 1423 470 1496 apud
491 1423 669 1484 Homerum
694 1424 813 1497 legitur
832 1419 938 1485 Ξ219
967 1419 1127 1480 ἶ1161811
1151 1419 1212 1478 287
1238 1438 1250 1475 ε
1276 1419 1339 1477 346

65 1523 438 1599 347713471237,
471 1539 567 1597 quam
602 1541 676 1584 vero
712 1525 830 1584 habeat
853 1524 1009 1596 originem
1040 1522 1237 1594 ignoramus,
1262 1533 1339 1577 narn

65 1623 295 1696 imperativum
327 1639 400 1683 esse
434 1625 521 1684 verbi
552 1625 681 1685 aliunde
710 1626 811 1698 ignoti
842 1623 901 1683 τάω
931 1638 996 1683 non
1019 1622 1116 1682 multi
1143 1620 1253 1695 opinor
1275 1634 1339 1680 cre·

65 1723 142 1783 dent
166 1724 287 1783 scholio
310 1728 340 1782 A
365 1725 438 1785 299.

109 1913 140 1973 8.
174 1909 197 1972 ὢ
228 1912 319 1972 πόποι
351 1929 405 1973 ccc
434 1913 521 1974 mihi.
554 1915 774 1989 vituperantis
799 1918 849 1974 est
873 1913 1040 1989 particula,
1064 1925 1192 1984 semper
1216 1911 1338 1986 autem,

65 2015 210 2087 exceptis
241 2013 321 2073 locis
352 2015 384 2071 N
406 2015 448 2076 99
481 2014 569 2077 349
601 2039 618 2074 v
643 2017 706 2075 209
738 2016 777 2075 ob
808 2016 840 2075 id
866 2016 973 2089 ipsum
998 2028 1097 2086 quam
1120 2011 1265 2071 maxime
1288 2027 1338 2071 su-

64 2116 195 2189 spectio,
216 2114 248 2172 in
269 2114 403 2175 introitu
421 2117 575 2175 orationis
596 2120 647 2177 est
667 2117 832 2177 collocata.
846 2116 934 2175 Mera
945 2117 1057 2174 autem
1069 2115 1120 2173 est
1132 2112 1337 2188 exclamatio,

64 2216 315 2290 reduplicatione
339 2219 425 2288 nata,
450 2232 531 2290 quae
555 2219 639 2292 apud
663 2218 789 2277 Atticos
811 2220 913 2274 παπαῖ
932 2218 1036 2276 661161.
1061 2214 1123 2274 Sed
1146 2214 1235 2273 fuere
1259 2213 1337 2272 anti·

63 2317 175 2389 quitus
209 2318 264 2390 qui
298 2332 353 2391 pro
390 2320 536 2378 vocativo
570 2318 704 2392 pluralis
734 2318 861 2377 numeri
891 2316 975 2376 odit
1005 2316 1170 2390 haberent,
1193 2315 1338 2388 Dryopas

64 2418 221 2477 nimirum
249 2416 365 2488 πόπους
397 2433 531 2478 vocasse
555 2419 623 2490 τοὺς
654 2418 798 2495 δαίμονας
830 2418 1002 2487 (Plutarch.
1027 2417 1066 2476 de
1089 2417 1161 2476 aud.
1186 2417 1269 2491 poet.
1295 2419 1336 2492 6),

62 2518 112 2577 vel
149 2518 287 2592 Scythas
322 2519 454 2579 deorum
479 2521 637 2593 quasdam
669 2522 828 2593 imagines
859 2518 975 2589 πόπους
1007 2518 1186 2592 appellasse
1217 2517 1336 2591 (Etym.

60 2619 165 2692 Magn.
191 2621 265 2694 823,
292 2621 354 2690 31).
379 2620 500 2695 Quibus
523 2622 602 2681 olim
625 2620 722 2682 fldem
746 2622 927 2681 habuerunt
946 2621 1128 2680 imitatores
1149 2619 1336 2694 Lycophron

59 2720 245 2789 (Alexandr.
278 2722 353 2790 943)
386 2725 417 2781 et
441 2721 622 2795 Euphorion
646 2720 688 2792 (ἐν
713 2718 1020 2792 accomodarum
1044 2723 1124 2781 later
1147 2723 1216 2781 deoc
1239 2737 1335 2782 conac-

58 2821 182 2896 dcrunt,
202 2817 285 2896 apud
306 2822 512 2897 Apollonium
533 2824 565 2881 in
585 2823 689 2883 lexico
709 2824 900 2898 Homerico),
922 2825 1032 2883 nostro
1045 2823 1173 2883 saeculo
1185 2823 1334 2896 Naegels-

59 2922 150 2996 bach,
171 2923 341 2998 Duentzer,
363 2924 501 2996 Vogrinz
521 2924 627 2994 (Hom.
651 2927 795 2985 Gramm.
809 2941 838 2999 p.
854 2926 934 2986 281:
960 2925 1086 3001 ,Adrus
1103 2940 1165 2984 von
1187 2923 1335 2984 Geistem

58 3023 88 3083 d.
120 3025 139 3084 i.
175 3039 236 3084 von
269 3025 496 3085 verstorbenen
525 3027 683 3101 Ahnen”),
709 3027 764 3086 alii
788 3027 943 3100 fortasse,
977 3026 1033 3087 sed
1057 3025 1178 3086 sufficit
1201 3027 1241 3086 ad
1264 3042 1333 3088 con·

59 3124 227 3185 intendam
260 3126 343 3185 hanc
367 3127 546 3187 doctrinam
573 3129 752 3189 Aristarchi
784 3131 965 3190 observatio
998 3132 1085 3206 ipsos
1108 3145 1234 3204 quoque
1258 3133 1335 3193 deos

60 3227 188 3300 saepius
211 3228 272 3288 hac
296 3243 374 3288 voce
398 3230 481 3303 apud
506 3230 687 3290 Homerum
711 3232 758 3291 nti
783 3227 812 3303 ¹).

101 3425 222 3508 3329.
262 3431 405 3505 Denique
436 3435 608 3507 repetenda
639 3436 691 3495 hic
722 3437 871 3497 videntur
901 3454 983 3511 quae
1015 3441 1054 3500 de
1093 3439 1203 3500 ordine
1239 3441 1333 3514 parti·

61 3533 205 3592 cularum
227 3536 259 3592 et
281 3535 506 3607 pronominum
529 3537 762 3614 encliticorum,
783 3541 837 3612 qui
858 3541 889 3599 in
907 3542 997 3615 epica
1008 3542 1147 3602 dictione
1158 3542 1333 3602 admodum

61 3637 107 3693 est
130 3638 294 3709 constane,
320 3635 506 3696 observavit
530 3638 639 3698 Monro
662 3639 757 3700 Hom.
783 3638 941 3702 Gramm.²
965 3640 985 3717 ξ
1009 3645 1083 3703 365.

102 3813 129 3872 1.
155 3811 295 3873 Voculae
318 3833 371 3890 περ
396 3816 429 3874 61
450 3835 482 3892 γε
503 3831 578 3876 611111
599 3817 638 3876 ad
659 3819 801 3892 primum
821 3821 984 3882 enunciati
1006 3823 1139 3882 verbum
1159 3823 1330 3899 pertinent,

60 3915 180 3974 cataras
210 3916 386 3988 particulas
417 3919 551 3978 cunctas
582 3921 786 3981 antecedunt.
818 3923 941 3983 Dicitur
973 3923 1071 3997 igitur
1094 3923 1124 3984 εἴ
1141 3945 1195 4003 περ
1219 3925 1284 4004 γάρ,
1307 3927 1337 3986 εἴ

60 4011 109 4093 πέρ
139 4035 182 4091 κε,
211 4023 264 4075 τοῦ
296 4036 350 4094 περ
382 4017 430 4093 δή,
452 4012 580 4079 ’πόθεόν
603 4042 634 4100 γε
658 4019 711 4097 μέν
736 4025 797 4084 etc.
824 4058 864 4067 -
889 4024 1074 4099 Excipiendi
1105 4029 1183 4086 suni
1217 4042 1332 4088 versus

61 4115 135 4177 146
160 4115 201 4188 εἰς
224 4115 242 4175 ὅ
263 4113 296 4176 κέ
318 4138 372 4195 περ
399 4119 509 4197 Τροίην
534 4121 730 4200 διαπέρσομεν
754 4123 805 4195 (εἰς
831 4123 876 4184 ὅτε
900 4146 953 4204 περ
963 4128 1000 4201 i),
1023 4128 1058 4185 H
1078 4127 1141 4188 387
1167 4127 1203 4187 αἴ
1221 4125 1254 4187 κέ
1276 4149 1330 4206 περ

60 4205 334 4298 ὗμι...γε’νοιτο,γ
360 4222 422 4281 321
448 4219 522 4281 ὅθεν
545 4220 575 4282 τέ
597 4245 662 4303 περ,
688 4225 713 4284 Θ
737 4227 800 4287 243
824 4225 934 4298 αὐτοὺς
959 4227 996 4305 δή
1021 4249 1074 4306 περ
1099 4227 1196 4290 ἔασον.

65 4367 246 4378 -ᾑ,

89 4446 106 4512 1)
123 4451 151 4496 1³¹.
177 4451 272 4499 Weckii
300 4454 450 4502 coniectura
478 4459 622 4517 optativum
650 4461 729 4508 inisse
755 4466 845 4509 ὼπόποι
879 4460 943 4526 (acha
973 4463 1047 4529 aaa)
1077 4480 1155 4525 quarn
1182 4469 1271 4516 multis
1297 4471 1329 4517 de

60 4531 136 4654 {⁸02⁸ss
153 4532 221 4577 stare
240 4535 352 4591 nequeat
370 4548 436 4595 opus
454 4549 504 4583 non
523 4540 562 4584 est
575 4539 617 4585 hic
631 4540 809 4589 demonstrari.
822 4570 852 4577 —
869 4544 907 4591 Of.
918 4558 966 4591 vau
981 4546 1106 4593 Laeuwen
1122 4549 1148 4594 in
1164 4549 1329 4609 Mnemosyne

104 4610 119 4656 3
138 4622 197 4669 pag.
214 4611 246 4658 ul
267 4623 308 4669 sq.
