3120 5124
164 419 177 489 5
193 419 231 490 41]
721 415 783 474 173

163 606 381 680 intepescunt
415 619 519 678 neque
554 603 700 664 reiciunt.
744 601 942 677 Quapropter
975 604 1219 665 assentiendum
1256 607 1382 666 videtur

162 706 212 766 aliis
233 705 382 780 philologis
414 705 562 777 (Leskien
592 704 705 765 Nauck
733 704 950 764 vHerwerderr
971 705 1057 780 Fick,
1082 706 1145 766 vid.
1170 707 1269 767 etiam
1292 709 1383 768 Knos

161 822 181 882 p.
199 808 260 885 188),
282 809 331 883 qui
349 808 510 882 negarunt
533 806 678 866 litteram
702 805 725 863 f
747 806 821 866 huic
846 807 916 866 voci
939 822 1012 866 esse
1036 808 1281 883 appingendam,
1306 826 1381 870 cum

160 907 274 971 abactivo
293 908 390 986 ἥσσων
413 905 532 985 ἤκιστος
555 908 796 982 coniungentes
818 911 992 981 praeeunte
1012 909 1215 984 Aristarcho;
1237 912 1308 980 oi.§
1328 913 1381 973 87.

188 1070 225 1131 39.
243 1071 346 1150 bivora
376 1074 495 1156 (χαλκῷ)
527 1075 558 1130 Π
581 1072 645 1131 408
677 1074 707 1129 Σ
731 1074 794 1132 349
818 1094 836 1130 κ
861 1074 935 1134 360.
960 1073 1075 1132 Tribus
1098 1074 1150 1134 his
1173 1074 1252 1135 locis
1275 1091 1381 1137 neces-

157 1171 243 1233 sarium
267 1176 313 1234 est
333 1173 367 1251 f,
394 1174 477 1234 alias
503 1188 568 1232 non
599 1174 737 1233 occurrit
764 1175 825 1234 hoc
848 1175 1057 1249 adiectivum,
1086 1175 1169 1246 quod
1193 1178 1308 1238 dubiae
1331 1182 1383 1239 est

156 1275 282 1345 potestatis
299 1275 431 1352 (fulpeaa
439 1277 466 1347 7)
489 1278 523 1337 et
544 1275 673 1349 ignotae
698 1277 839 1350 originis.
864 1276 972 1336 Etiam
993 1277 1178 1336 nominibus
1198 1278 1296 1350 igitur
1314 1295 1381 1354 pro·

156 1375 208 1447 priis
233 1377 358 1455 Ρήνοπος
391 1397 440 1436 -m
481 1376 585 1454 -πίδης
624 1379 661 1437 ut
698 1378 927 1452 praemittatur
957 1378 990 1449 i,
1019 1378 1050 1437 id
1082 1380 1165 1450 quod
1201 1379 1270 1440 fleri
1304 1383 1383 1443 sinit

156 1478 264 1556 neuun,
287 1481 542 1541 consentaneum
567 1480 627 1540 est.

183 1641 220 1701 40.
238 1643 311 1721 fa‘ppu
335 1639 365 1707 Ξ
386 1643 449 1702 132
473 1664 491 1720 γ
517 1643 580 1702 164
604 1660 626 1699 π
651 1643 726 1717 375,
751 1638 799 1700 ἐπὶ
821 1642 902 1720 tripu
926 1637 1028 1720 φέρειν
1052 1645 1081 1699 A
1105 1644 1179 1718 572,
1204 1645 1267 1703 578
1290 1661 1308 1702 σ
1329 1648 1382 1722 56,

153 1735 322 1822 intimabit)
353 1766 368 1802 τ
392 1745 467 1804 843.
503 1744 554 1802 Ita
576 1743 781 1803 scribendum
806 1759 879 1804 esse
902 1744 995 1803 docet
1018 1745 1170 1820 metrum,
1195 1743 1270 1805 licet
1293 1747 1381 1820 origo

153 1845 213 1904 vocis
229 1847 329 1908 lateat.
354 1845 471 1905 Nullus
496 1859 609 1905 versus
632 1845 750 1905 obstat.

180 2005 218 2068 41.
245 2009 351 2088 fpptov
389 2011 425 2068 Ψ
459 2010 532 2070 126.
568 2009 650 2085 Vox,
685 2009 778 2069 ouius
815 2011 914 2084 stirps
948 2011 1038 2087 latet,
1073 2011 1106 2070 in
1141 2011 1283 2072 Homero
1318 2029 1380 2073 non

149 2106 214 2184 redit,
233 2113 284 2173 sed
306 2113 451 2173 metrum
475 2111 629 2172 hocloco
653 2111 797 2171 litteram
821 2111 844 2169 f
867 2112 980 2186 poscit.

179 2271 373 2354 42.1ἰάνειρα
398 2277 431 2336 et
455 2273 629 2333 Μάνασσα
649 2276 679 2331 Σ
699 2276 741 2334 47
766 2275 859 2344 (duae
881 2274 1055 2344 Nereides).

177 2420 208 2481 43
225 2420 280 2501 ab,
307 2425 389 2503 fior,
419 2425 501 2501 plur.
532 2421 873 2502 1ῖνες,ἕΐνιον,5ἰφια
899 2429 1008 2503 (μῆλα).
1033 2426 1227 2486 Derivantur
1250 2430 1383 2490 nomina

144 2525 239 2595 propria
265 2527 363 2605 Ρῐφις,
385 2525 610 2604 Ῠιφῐῗᾶνασσα,
634 2523 821 2602 Ῠιφῖμέδεια,
844 2525 1025 2602 habbacuc,
1044 2522 1186 2601 Ρὶφικλος
1209 2534 1295 2599 (cum
1319 2532 1381 2591 adi.

144 2621 325 2705 ἢφικιεεεῖος),
354 2626 509 2705 mivone,
535 2624 659 2704 Ρίφῖτος
683 2633 769 2700 (cum
792 2629 1025 2703 patronymicis
1045 2626 1189 2705 Ρῑφῖτῒων
1212 2634 1246 2690 et
1271 2630 1382 2709 itabi-

144 2721 199 2799 401),
217 2730 331 2806 stoebe.

176 2825 300 2892 comitur
323 2832 490 2905 digamma
513 2833 546 2891 in
569 2832 755 2892 nominibus
779 2832 914 2906 propriis
939 2829 1060 2906 Ρίφιτος
1087 2834 1213 2902 (crater.
1235 2832 1380 2909 caerati,

144 2926 259 3004 Fimbriae
280 2934 393 2994 Boeot.
418 2933 493 3009 488,
520 2932 733 3010 Ριφικρατίδας
756 2933 864 2993 Boeot.
895 2934 968 2992 7123.

175 3028 273 3094 levem
307 3034 540 3095 correctionem
574 3034 742 3106 requirunt
776 3049 892 3093 versus
926 3034 1089 3093 Homerici
1122 3035 1233 3094 8518
1266 3037 1293 3092 Δ
1317 3036 1379 3095 287

143 3128 236 3197 Ε600
264 3141 295 3195 Λ
327 3137 390 3197 281
424 3138 465 3193 Μ
490 3137 553 3196 387
588 3137 617 3193 Φ
640 3137 704 3195 356
735 3138 750 3193 1
779 3136 853 3210 284,
889 3135 1030 3194 maiores
1064 3135 1233 3195 molestias
1267 3138 1382 3210 parant

142 3230 227 3296 8720
249 3241 273 3296 Z
296 3239 360 3298 478
386 3240 411 3295 P
433 3237 495 3296 739
519 3240 535 3294 1
559 3238 633 3296 305.

173 3337 359 3400 Adiectivum
385 3337 595 3399 honorificum
620 3338 747 3416 ἴφθῑμος
771 3353 845 3397 cum
869 3339 929 3397 hac
960 3338 1060 3411 stirpe
1080 3339 1250 3398 cohaerere
1270 3354 1380 3411 quam·

141 3447 213 3505 quam
248 3442 344 3503 multi
382 3440 625 3516 contenderunt,
669 3440 737 3499 veri
767 3438 1024 3498 dissimillimum
1059 3439 1217 3514 ducimus
1257 3442 1381 3500 certum

140 3541 225 3603 autem
245 3546 295 3605 est
317 3557 382 3603 non
406 3542 623 3617 praemissum
647 3542 764 3601 habere
787 3540 953 3613 digamma
976 3541 1008 3598 in
1032 3539 1142 3613 lingua
1164 3542 1263 3614 epica.

172 3691 213 3754 44.
238 3690 340 3772 fiebat
371 3708 504 3767 propero
535 3692 562 3762 (ἓ
587 3693 672 3767 201),
696 3686 829 3766 Ησομαι,
860 3687 1008 3766 ε’ἱῑσάμην
1039 3690 1139 3760 (codd.
1167 3686 1245 3765 ἵεμαι
1269 3689 1384 3766 εἴσομαι

140 3785 268 3874 ἕεισάμην).
292 3829 334 3839 -
364 3795 434 3855 Hoc
465 3795 610 3868 verbum,
646 3793 729 3866 quod
765 3792 890 3867 primus
926 3792 1059 3864 agnovit
1090 3792 1217 3850 Abrens
1241 3791 1383 3866 (conjug.

140 3895 183 3953 auf
204 3920 255 3975 -μι,
285 3897 381 3973 1838,
413 3912 442 3971 p.
477 3897 528 3971 24,
555 3896 594 3956 cf.
627 3895 661 3956 L.
686 3894 794 3968 Meyer
824 3893 980 3954 Bezzenb.
1012 3893 1110 3952 Beitr.
1142 3893 1166 3951 Ι.
1191 3907 1221 3966 p.
1248 3893 1333 3968 301),
1365 3909 1385 3952 a

140 4000 341 4061 recentioribus
380 3999 552 4059 confusum
597 4000 647 4058 est
683 4013 758 4057 cum
794 3996 901 4056 verbis
938 3993 1002 4072 ἴημι
1037 3997 1069 4053 et
1100 3986 1165 4069 εἶμι.
1206 3993 1383 4067 Quominus

140 4098 302 4161 restituatur
330 4101 354 4158 f
377 4102 557 4174 repugnant
580 4098 640 4159 soli
664 4114 778 4159 versus
801 4099 835 4156 N
856 4099 899 4157 90
923 4099 1004 4167 (ΞΡ
1024 4097 1098 4162 285)
1123 4097 1152 4151 Σ
1175 4095 1237 4153 501
1263 4094 1295 4150 Ω
1319 4097 1382 4155 462

141 4195 155 4271 β
173 4201 224 4262 327
242 4204 256 4276 ξ
276 4205 337 4264 142
358 4223 374 4260 ο
395 4203 470 4261 213.
496 4201 638 4274 cognata
661 4204 739 4261 sunt
760 4198 857 4275 Ηωκή
882 4201 915 4259 et
937 4197 1017 4274 iteri
1041 4197 1075 4257 n⁰
1101 4198 1152 4256 54.

175 4364 219 4425 45.
239 4366 288 4427 fut
362 4369 381 4427 2
407 4369 448 4428 2.

175 4470 202 4537 o)
221 4369 478 4549 ἔὶιδονξὲἅῐῖσ45ς,
499 4466 641 4547 Macron,
662 4466 791 4546 mitae,
814 4467 995 4539 Hotufrtog.
1019 4469 1108 4528 Sitne
1128 4466 1180 4525 bis
1200 4466 1383 4526 addendum

142 4564 310 4631 adiectivum
333 4569 455 4649 ἀΐδηλος
479 4572 652 4632 dubitatur.
