3120 5124
796 433 874 479 XLVI

245 611 363 672 Atticis
397 608 515 671 litteris
550 609 685 669 exarata
718 622 792 667 esse
826 608 1026 683 exemplaria
1056 625 1138 684 quae
1181 611 1214 672 in
1252 613 1362 674 Attica
1392 613 1471 674 olim

199 711 319 774 flebant
341 727 393 772 res
413 711 484 772 lert.
508 709 641 769 Nullum
665 708 763 782 igitur
786 709 819 769 in
842 709 883 769 iis
906 711 977 770 erat
997 726 1151 772 sonorum
1170 715 1237 790 pet
1255 735 1268 773 ε
1288 717 1322 775 et
1339 715 1471 790 pseudo·

198 814 387 890 diphthongi
410 833 435 872 ει
457 813 642 887 discrimen,
666 826 770 884 neque
793 825 947 872 sonorum
967 834 990 872 ω
1013 815 1047 873 et
1069 833 1085 873 o
1109 817 1143 875 et
1162 815 1471 891 pseudodiphthongi

199 939 245 994 ov,
279 916 335 977 sed
366 914 468 989 signis
491 917 520 972 E
542 916 575 974 et
600 913 626 972 0
648 913 728 973 haec
752 912 861 973 omnia
882 913 1123 992 indicabantur,
1148 932 1308 978 consonae
1330 932 1395 978 non
1418 917 1471 977 du·

198 1019 409 1094 plicabantur,
444 1032 500 1091 pro
531 1029 557 1090 ψ
585 1017 619 1075 et
649 1014 664 1087 ξ
695 1017 807 1075 autem
835 1016 1036 1077 scribebatur
1069 1018 1128 1075 ΦΣ
1167 1020 1200 1080 et
1235 1020 1309 1091 ΧΣ;
1344 1018 1473 1094 spiritui

199 1135 312 1194 aspero
346 1133 444 1178 suum
479 1118 549 1178 erat
583 1116 713 1190 signum
744 1117 786 1192 H,
819 1116 985 1190 digamma
1014 1118 1049 1178 in
1079 1118 1197 1180 Atticis
1225 1120 1359 1181 Homeri
1382 1119 1473 1180 libris

200 1235 345 1295 unquam
368 1220 526 1294 scriptum
549 1233 620 1279 esse
645 1217 713 1277 veri
734 1219 785 1278 est
803 1218 962 1280 dissimile
974 1220 1025 1290 (ci.
1038 1220 1207 1291 miratio
1218 1237 1289 1296 pag.
1306 1222 1368 1282 148
1381 1225 1473 1295 Silili.

245 1323 306 1383 Sed
330 1321 442 1395 quinto
465 1322 541 1381 ante
565 1319 637 1380 (ihr.
661 1319 790 1380 saeculo
812 1319 997 1382 litteratura
1019 1321 1128 1383 Attica
1151 1324 1251 1384 cessit
1269 1323 1372 1397 signis
1391 1322 1472 1382 Ioni·

201 1425 258 1500 cie,
292 1438 375 1497 quae
409 1422 449 1482 ab
482 1421 633 1482 omnibus
669 1419 864 1482 Graecorum
896 1423 1047 1496 gentibus
1077 1424 1201 1485 sensim
1231 1427 1309 1485 sunt
1330 1425 1471 1498 recepta.

201 1526 294 1585 Anno
324 1526 458 1586 demum
488 1518 591 1601 403J2
618 1537 765 1595 -quae
795 1524 1048 1596 magistratuum
1071 1526 1105 1586 et
1128 1527 1352 1587 ministrorum
1373 1525 1472 1600 publi·

202 1642 313 1687 corum
345 1627 378 1685 in
409 1640 461 1685 res
491 1639 593 1685 novas
623 1638 738 1698 pamm
770 1623 998 1685 inclinatorum
1028 1625 1112 1686 solet
1138 1642 1210 1688 esse
1233 1628 1371 1688 tarditas
1384 1627 1472 1687 -in

201 1728 329 1803 publica
358 1727 488 1787 decreta
518 1727 647 1799 recepta
678 1727 765 1801 sunt,
797 1725 853 1785 sed
881 1726 936 1786 dtu
959 1728 1056 1787 antea
1078 1728 1178 1788 etiam
1206 1729 1239 1789 in
1262 1729 1372 1789 Attica
1395 1730 1473 1789 nota

202 1830 295 1890 erant
323 1829 358 1888 et
387 1842 407 1886 a
437 1825 552 1887 multis
582 1826 830 1902 usurpabantur,
861 1826 892 1886 id
924 1827 1007 1900 quod
1039 1830 1189 1901 quemvis
1219 1831 1334 1891 statim
1357 1831 1473 1891 docent

200 1930 361 2004 Euripidis
394 1928 463 1989 noti
485 1944 600 1988 versus
622 1928 654 1987 in
689 1928 813 1987 Theseo
847 1926 966 2003 fabula,
998 1929 1051 1988 ubi
1086 1930 1259 1989 ΘΗΣΕΤΣ
1287 1946 1407 1992 nomen
1426 1932 1473 1992 ita

104 2068 107 2074 ·
201 2031 392 2092 describitur
416 2028 467 2108 (fr.
493 2029 556 2089 385
579 2029 699 2097 Dind.):

423 2129 531 2202 κύκλος
553 2151 596 2201 τις
619 2126 659 2201 ὡς
681 2127 830 2207 τόρνοισιν
853 2125 1092 2208 ἐκμετρούμενος,

423 2221 510 2302 οὗτος
534 2224 563 2289 δ’
591 2227 647 2308 ἔχει
670 2233 794 2306 σημεῖον
819 2226 851 2288 ἓν
875 2226 953 2315 μέσῳ
976 2227 1078 2306 σαφί·

422 2329 454 2391 τὸ
479 2331 616 2410 δεύτερον
640 2326 673 2389 δὲ
695 2337 796 2408 πρῶτα
819 2325 873 2407 μὲν
896 2329 1028 2410 γραμμαί
1050 2330 1117 2408 δύο,

423 2432 531 2504 ταύτας
555 2430 673 2509 διείργει
696 2423 724 2489 δ’
751 2427 783 2489 ἐν
806 2427 906 2509 μέσοις
929 2428 1002 2509 ἄλλη
1026 2430 1086 2509 μία
1110 2434 1171 2494 etc.

245 2535 380 2597 Homeri
410 2537 521 2595 autem
552 2532 751 2607 exemplaria
773 2534 911 2594 Athenis
933 2535 1061 2608 quando
1083 2534 1223 2608 primum
1247 2535 1366 2597 litteris
1389 2536 1469 2597 Ioni·

202 2638 249 2697 cis
273 2636 400 2697 exarari
430 2636 497 2695 sint
528 2636 651 2711 coepta,
677 2649 819 2694 -nam
850 2634 948 2695 libros
983 2634 1059 2696 alibi
1090 2636 1227 2710 scriptos
1257 2652 1343 2698 nunc
1373 2637 1470 2711 negli-

200 2755 318 2814 gamus
337 2753 471 2800 necesse
495 2739 546 2798 est
568 2769 617 2812 -,
638 2735 769 2795 omnino
792 2735 967 2796 nescimus.
992 2736 1154 2811 Suspicari
1176 2736 1253 2798 licet
1270 2737 1471 2814 religionem,

200 2855 265 2913 qua
295 2840 440 2901 carmina
463 2837 554 2912 opica
576 2836 682 2910 magis
712 2835 880 2908 magisque
904 2836 988 2897 inter
1011 2837 1150 2898 Graecos
1172 2841 1250 2899 sunt
1272 2839 1470 2914 consecrata,

200 2941 347 3002 effecisse
378 2943 415 3001 ut
445 2955 516 3001 sero
540 2940 673 3000 demum
703 2941 840 2999 externa
862 2954 975 2999 eorum
998 2941 1122 3015 species
1146 2942 1337 3001 mutaretur.
1362 2941 1414 3002 Sic
1437 2941 1471 3001 in

199 3043 305 3117 patria
335 3043 446 3103 nostra
475 3041 663 3103 etiamnunc
692 3041 771 3099 sunt
800 3038 897 3100 multi
921 3041 975 3114 qui
1002 3041 1124 3102 Bibliae
1145 3041 1345 3117 exemplaria
1367 3041 1471 3116 siguis

202 3143 387 3218 „Gothicis”
411 3158 532 3205 excusa
549 3145 583 3203 et
602 3141 751 3201 vetustas
771 3140 942 3201 verborum
961 3140 1082 3216 figuras
1103 3142 1218 3215 quibus
1242 3145 1318 3204 ante
1348 3143 1472 3217 aliquot

196 3244 327 3305 saecula
368 3246 476 3319 patres
518 3243 620 3304 nostri
655 3241 830 3302 utebantur
866 3243 1052 3304 exhibentia
1086 3244 1179 3304 unice
1211 3244 1273 3304 sibi
1304 3245 1469 3320 expetant,

198 3346 316 3420 spretis
346 3345 539 3406 editionibus
571 3342 782 3416 quantumvis
813 3343 925 3403 nitidis
956 3359 1038 3417 quae
1068 3343 1231 3405 hodiernis
1261 3344 1380 3405 litteris
1403 3344 1471 3405 sint

198 3447 378 3522 descriptae
411 3447 578 3519 nostrique
617 3444 772 3519 temporis
801 3444 1064 3519 orthographiam
1095 3447 1273 3519 sequentur
1293 3443 1325 3517 ¹).
1356 3446 1471 3520 Itaque

199 3548 282 3621 quod
300 3548 427 3622 placeat
455 3547 552 3607 habet
576 3545 686 3607 cooeu
708 3545 881 3621 sententia,
906 3546 1105 3607 Zenodotum
1133 3547 1275 3622 primum
1299 3547 1394 3618 (circa
1417 3562 1469 3608 an·

198 3664 277 3709 num
308 3650 383 3710 ante
413 3647 484 3708 (ihr.
510 3647 584 3718 270)
616 3647 744 3707 aureae
776 3647 958 3707 carminum
989 3648 1235 3709 Homericorum
1266 3647 1470 3709 litteraturae

198 3749 408 3810 substituisse
438 3749 533 3822 signa
561 3748 688 3808 Ionica:
723 3747 828 3823 ,Libri
860 3749 997 3825 veteres,
1028 3749 1113 3809 unde
1141 3748 1322 3809 Zenodotus
1345 3749 1470 3824 primus

202 3852 368 3927 ,omnium
397 3864 493 3911 suam
524 3848 658 3910 Homeri
688 3846 853 3926 διόρθωσιν
876 3850 1089 3926 concinnavit,
1114 3851 1241 3911 exarati
1263 3852 1356 3912 erant
1378 3849 1470 3931 γράμ-

200 3967 309 4028 ,paow
340 3952 475 4023 Ἀττικοῖς
505 3951 576 4010 sive
606 3946 767 4028 ἀρχαϊκοῖς,
789 3949 938 4022 qualibus
961 3951 1178 4012 Athenienses
1204 3954 1280 4013 ante
1302 3951 1468 4014 Euclidem

202 4052 253 4128 ,in
283 4052 373 4112 omni
403 4065 520 4126 genere
542 4050 810 4111 documentorum
833 4050 1018 4128 utebantur,
1041 4066 1186 4125 quaeque
1210 4053 1284 4127 post
1305 4055 1469 4128 receptam

201 4153 439 4230 ,litteraturam
470 4151 614 4213 Ionicum
637 4145 657 4228 ἡ
680 4148 793 4210 παλαιὰ
815 4149 1000 4230 γραμματική
1032 4154 1090 4212 aut
1111 4147 1130 4230 ἡ
1155 4149 1261 4233 ἀρχαία
1283 4153 1470 4234 γραμματική

231 4355 250 4419 ¹)
268 4360 434 4407 Grammatioi
452 4360 544 4408 Graeci
560 4359 738 4418 inscriptiones
755 4361 857 4405 vetusta
873 4356 1018 4406 litteratura
1035 4361 1148 4421 insignes
1163 4360 1292 4407 linxerunt
1306 4359 1365 4420 plus
1380 4361 1469 4408 cernel.

198 4438 348 4485 Oulusmodi
373 4438 446 4486 lusus
471 4442 561 4499 aptum
587 4437 733 4498 exemplum
759 4438 866 4498 praebet
892 4443 1088 4487 monumentum
1111 4439 1180 4500 quod
1203 4441 1298 4487 Romae
1316 4441 1389 4487 uxori
1407 4452 1469 4487 snae

198 4516 311 4563 condidit
328 4518 415 4564 rhetor
433 4517 549 4564 Herodes
563 4517 663 4562 Atticus
681 4515 804 4562 Hadriani
813 4519 938 4576 tempore,
957 4516 1021 4564 old.
1040 4519 1084 4564 26:
1114 4518 1175 4564 ισιιι
1192 4522 1223 4563 σι
1239 4516 1242 4576 Ι
1257 4533 1325 4575 pam
1343 4535 1372 4575 μι
1387 4513 1392 4580 Ι
1406 4532 1470 4565 cuxa-

201 4611 264 4641 νιοαι
283 4597 331 4641 eto.
