3120 5124
154 422 165 489 i
182 422 224 491 40]
728 425 790 483 143

153 608 254 668 alnos
285 610 441 686 pervenit,
471 609 685 670 immodulate
716 610 789 670 inde
821 611 860 670 ab
892 604 984 669 initio
1014 610 1115 670 fuisse
1146 610 1212 686 olla
1244 607 1329 689 ἑκυρὲ
1361 615 1394 673 et

153 707 175 768 li
195 709 221 768 oi
243 713 275 771 et
304 733 333 770 τε
363 705 397 794 ᾧ,
428 712 686 785 quandoquidem
718 713 872 788 carmina,
905 728 987 785 quae
1018 712 1128 772 Iliadis
1152 712 1203 772 vel
1229 712 1392 787 Odysseae

151 813 249 872 romine
278 814 471 886 grandisono
495 814 656 888 designari
680 814 816 890 soleant,
841 830 883 874 ex
907 814 1063 873 membris
1091 814 1281 887 ossibusque
1305 830 1391 875 vero·

151 928 201 973 rum
229 918 413 988 poematum
448 917 568 975 fuerint
601 917 825 977 consarcinata
859 917 899 976 ab
930 916 1115 976 hominibus
1145 915 1200 988 qui
1230 916 1393 976 nescirent

151 1015 203 1086 quid
227 1019 311 1076 esset
341 1018 452 1077 hiatus
483 1019 600 1091 quidve
629 1018 803 1078 interesset
825 1018 910 1078 inter
932 1018 1093 1091 syllabam
1117 1017 1247 1090 longam
1271 1019 1304 1077 et
1327 1017 1392 1076 bre·

150 1131 210 1176 len.
238 1119 289 1177 Ita
321 1119 422 1192 igitur
451 1120 480 1179 si
513 1120 586 1193 quis
620 1120 779 1196 opinatur,
813 1120 956 1194 proferat
989 1134 1084 1179 suam
1117 1119 1324 1194 sententiam,
1355 1120 1393 1177 ut

150 1217 245 1292 explodi
273 1221 394 1295 possit;
427 1223 484 1282 sed
514 1223 667 1295 quoniam
691 1237 787 1282 nemo
810 1223 968 1281 hactenus
992 1221 1057 1281 tale
1081 1220 1236 1280 iudicium
1261 1221 1299 1280 de
1323 1219 1392 1279 reli·

149 1320 209 1391 lulis
235 1335 367 1395 poeseos
403 1324 511 1397 epicae
545 1325 652 1384 musis
684 1324 796 1383 invitis
827 1323 913 1399 tulit,
945 1322 1067 1382 diutius
1098 1323 1131 1382 in
1164 1322 1298 1382 ridicula
1328 1322 1393 1381 ista

148 1420 287 1494 hypothesi
321 1427 516 1486 commorari
551 1441 610 1486 nos
644 1441 708 1485 non
740 1428 875 1500 oportet.
907 1425 1023 1484 Restat
1054 1424 1153 1497 igitur
1182 1426 1220 1483 ut
1251 1423 1307 1499 illi,
1338 1424 1394 1497 qui

147 1521 314 1584 arbitrantur
343 1527 377 1585 in
408 1528 596 1588 hodiernam
628 1528 810 1588 carminum
843 1527 1089 1586 Homerioorum
1121 1527 1261 1586 formam
1285 1541 1392 1586 conso·

147 1636 203 1682 nam
228 1625 391 1700 digamma
415 1625 437 1698 ¹)
467 1645 531 1690 non
563 1632 729 1704 quadrare,
762 1629 911 1689 addicant
936 1643 970 1687 se
994 1628 1140 1702 partibus
1165 1628 1275 1703 Fiolrii,
1300 1628 1393 1687 cuius

145 1727 313 1788 solentiam
344 1745 442 1804 supra
473 1731 697 1792 indicavimus.
732 1731 819 1807 Quae
842 1732 954 1789 tamen
979 1730 1039 1789 hoo
1062 1729 1254 1803 praesertim
1279 1729 1393 1803 premi·

145 1828 185 1885 tur
210 1828 407 1892 incommodo
439 1834 523 1906 quod
556 1833 644 1893 nulla
676 1835 727 1893 est
757 1833 844 1892 iusta
875 1847 974 1892 causa
1004 1848 1062 1892 cur
1092 1833 1326 1892 contendamus
1354 1832 1394 1891 ab

144 1927 229 1990 Ionica
255 1932 392 1993 dialecto
424 1934 567 1994 alienum
598 1936 699 1996 fuisse
731 1936 896 2008 digamma
927 1950 990 2008 quo
1021 1936 1166 2008 tempore
1197 1935 1294 1993 natae
1317 1935 1394 1992 sunt

144 2029 204 2089 ilias
232 2036 263 2092 et
295 2034 442 2108 Odyssea
464 2032 496 2106 ²).
527 2037 611 2096 Nam
643 2036 784 2097 multum
817 2037 910 2096 abest
941 2038 977 2095 ut
1009 2037 1088 2096 haec
1120 2035 1248 2109 spirans
1280 2035 1394 2093 autin

146 2135 353 2196 vetustissimis
384 2138 499 2198 horum
532 2138 714 2198 carminum
746 2139 891 2212 partibus
923 2138 1072 2211 religiose
1104 2137 1148 2196 sit
1179 2138 1310 2196 servata
1336 2138 1394 2195 aut

145 2232 169 2292 in
197 2238 416 2298 recentioribus
451 2241 575 2314 passim
611 2240 774 2314 neglecta;
811 2240 940 2300 Fiolrius
976 2242 1097 2314 autem,
1133 2239 1187 2311 qui
1219 2239 1314 2297 modo
1347 2237 1393 2298 sic

145 2334 255 2400 iudicat:
282 2355 342 2415 ,en
364 2341 531 2414 digamma
553 2342 749 2418 neglectum,
774 2341 920 2402 deleatur
942 2342 1041 2414 igitur
1065 2355 1180 2400 versus
1203 2340 1333 2413 spurius
1352 2339 1393 2399 ab

146 2435 231 2500 lonico
257 2442 388 2502 homine
418 2443 593 2520 insertus”,
625 2446 719 2504 modo
751 2444 815 2504 sio:
851 2444 1030 2520 ,genuinus
1062 2444 1113 2502 hie
1136 2445 1187 2502 est
1211 2457 1335 2517 versus,
1360 2444 1394 2500 at

146 2539 302 2612 neglectum
337 2545 370 2604 in
406 2561 444 2606 eo
479 2548 530 2606 est
564 2547 740 2621 digamma,
776 2560 850 2619 ergo
886 2545 1092 2618 corrigendus
1125 2545 1177 2604 est
1206 2542 1328 2619 loeus”,
1359 2544 1392 2603 in

145 2639 240 2702 cuculo
273 2646 389 2706 vitioso
424 2647 599 2721 circumagi
636 2648 763 2707 videtur
798 2649 831 2706 et
865 2647 912 2706 sio
947 2647 1013 2706 fere
1044 2646 1277 2721 argumentari,
1309 2647 1392 2718 quod

144 2755 207 2814 pace
231 2746 286 2806 viri
321 2749 434 2808 eximii
466 2749 588 2809 dictum
621 2751 709 2809 esto:
745 2749 872 2824 ,Ionica
903 2748 1060 2808 dialectus
1088 2763 1125 2808 eo
1150 2749 1305 2821 tempore,
1330 2762 1393 2820 quo
1463 2794 1465 2798 »

143 2841 207 2904 ilias
234 2850 265 2907 et
296 2849 443 2923 Odyssea
476 2865 518 2910 ex
548 2851 727 2911 minoribus
758 2850 956 2910 carminibus
987 2851 1229 2924 concreverunt,
1261 2849 1391 2908 carebat

143 2958 260 3009 cousom
287 2951 341 3012 P’.
375 2987 415 2994 -
446 2952 538 3013 Unde
573 2954 633 3014 hoo
667 2954 811 3013 scimus?
841 2986 883 2993 —
917 2953 984 3028 ,lix
1015 2951 1213 3012 carminibus
1244 2950 1388 3011 Homeri·

144 3047 209 3108 cis”.
228 3083 265 3092 —
292 3053 456 3129 Quomodo
490 3056 589 3127 igitur
623 3056 654 3115 id
690 3055 764 3115 inde
798 3053 960 3114 eflicitur?
988 3087 1030 3095 -
1058 3054 1113 3129 ,In
1149 3053 1389 3129 additamentis,

143 3163 211 3220 luae
239 3169 256 3214 a
287 3156 392 3230 poetis
426 3157 543 3216 Ionicis
578 3159 655 3217 sunt
693 3158 882 3231 composita,
925 3171 1020 3230 saepe
1056 3156 1236 3229 neglegitur
1271 3155 1390 3228 digam-

142 3253 215 3313 mo”.
234 3288 272 3297 —
295 3257 357 3317 Sed
388 3259 609 3318 additamenta
638 3259 704 3318 ista
735 3259 893 3331 quomodo
918 3259 1048 3331 agnosci
1070 3259 1231 3332 possunt?
1255 3291 1296 3300 -
1324 3257 1391 3332 ,Ex

141 3351 264 3424 neglecto
291 3359 483 3432 praesertim
515 3360 712 3434 digammo”.
737 3393 778 3400 -
804 3360 847 3418 At
878 3360 1027 3432 genuinis
1058 3374 1183 3432 quoque
1207 3360 1390 3420 carminum

141 3450 208 3513 locis
235 3459 344 3519 multis
374 3461 540 3534 digamma
570 3463 663 3523 hodie
694 3462 764 3521 sine
793 3463 975 3521 mutatione
1007 3463 1178 3522 verborum
1212 3462 1390 3522 vicinorum

140 3557 249 3619 restitui
268 3563 389 3636 nequit.
416 3596 458 3604 -
485 3563 546 3640 ,Hi
570 3565 669 3637 igitur
692 3563 870 3637 corrigendi
894 3565 1002 3623 sunt’.
1031 3596 1069 3604 -

178 3657 229 3720 Sed
259 3664 421 3737 probanda
451 3668 528 3724 sunt
558 3666 648 3742 haec,
681 3681 722 3725 ne
753 3666 898 3726 cavillari
930 3666 1108 3726 videamur.
1140 3667 1258 3726 Totum
1290 3666 1390 3726 Fickii

142 3832 337 3848 ’Μ

169 3938 185 3996 ¹)
199 3945 246 3993 Non
262 3948 293 3995 de
309 3947 377 4009 eiquo
393 3951 561 4013 typographico
579 3967 646 4000 nuno
664 3954 795 4013 loquimur
813 3954 858 4000 sed
876 3954 908 3999 de
926 3954 983 4013 ipso
1000 3967 1056 3998 sono
1074 3967 1131 3999 vau.

167 4018 185 4077 'l
200 4024 254 4078 „bie
275 4029 409 4087 aunahnm,
426 4030 487 4077 dass
503 4045 550 4078 zur
566 4033 618 4079 zeit
635 4034 745 4080 Homers
763 4033 804 4081 die
820 4034 862 4079 Ias
877 4033 923 4078 das
941 4033 1071 4090 digamma
1088 4032 1155 4078 noch
1172 4033 1252 4078 intret
1269 4032 1390 4079 besessen

141 4099 218 4157 ‚hille
240 4106 301 4153 lissi
326 4109 382 4156 eioh
407 4123 473 4156 zwer
496 4125 542 4157 aus
563 4112 665 4171 mangel
690 4126 721 4157 an
738 4113 840 4158 nralten
858 4112 962 4171 quellen
980 4112 1026 4158 des
1044 4112 1176 4158 ionisohen
1194 4111 1302 4158 dialects
1320 4111 1392 4157 nioht

140 4181 309 4246 ‚viedsrlegem
334 4188 396 4234 wird
423 4189 484 4235 eber
510 4190 590 4236 sehon
617 4190 733 4237 daduroh
759 4192 875 4238 iiuaserst
898 4190 1154 4250 unwahrscheinlich,
1178 4191 1237 4235 dass
1256 4190 1322 4236 euch
1340 4190 1389 4236 den

140 4263 251 4313 „amiam
267 4267 313 4313 das
330 4268 457 4327 digamma
477 4270 555 4329 vdllig
572 4272 695 4328 mangelt,
713 4271 798 4318 dieser
815 4272 870 4317 lant
888 4272 942 4317 also
961 4270 1019 4317 dem
1037 4270 1169 4317 ionisohen
1185 4273 1294 4315 stamme
1310 4269 1388 4316 sehon

140 4352 190 4397 ,vor
211 4343 252 4390 der
275 4347 428 4406 wandemng
453 4348 499 4394 der
524 4349 610 4395 Iouier
636 4350 701 4395 nach
728 4351 874 4397 Kleinasien
902 4351 1001 4409 gefehlt
1027 4363 1059 4396 zu
1081 4349 1165 4396 haben
1184 4349 1309 4395 soheint''.
1328 4349 1390 4395 Fiok

138 4418 234 4478 Odyssea
249 4439 273 4486 p.
292 4428 331 4473 11.
347 4429 420 4474 -At
437 4429 535 4475 Atticae
554 4429 658 4475 dialecti
676 4430 760 4476 fontes
778 4430 815 4476 illi
836 4430 1016 4488 antiquissimi,
1034 4429 1102 4474 unde
1120 4432 1244 4488 appareat
1260 4429 1390 4487 digamma

138 4511 165 4544 ne
179 4500 273 4550 Homeri
289 4505 392 4564 quidem
410 4509 526 4567 tempore
543 4508 568 4553 in
586 4508 631 4554 illa
648 4509 752 4568 regione
767 4509 869 4569 vixisse,
885 4510 929 4555 ubi
943 4510 1019 4554 eunt?
1036 4508 1061 4555 si
1074 4509 1132 4567 quie
1142 4508 1280 4555 contendat
1289 4505 1390 4567 puellas

138 4579 220 4627 Atticas
235 4584 294 4631 olim
312 4585 377 4632 inter
394 4586 539 4633 saltandum
557 4590 674 4634 cantasse
691 4597 737 4634 nob
753 4608 793 4648 μοι
811 4590 840 4635 τὰ
857 4582 911 4643 ¹fla,
930 4587 1058 4647 quomodo
1076 4587 1234 4634 refellendus
1253 4588 1317 4634 eritl
