3120 5124
743 372 786 432 96

311 550 402 638 ἃμελμ
413 592 455 601 -
468 555 658 636 ἆνήμελιττος,
674 552 876 640 Ἱττττημολγοί.

312 653 399 740 ώμειβ
411 695 454 704 -
467 658 632 739 ἕξήμοιβός.

312 755 420 841 despue
431 795 474 805 -
486 761 663 839 ποδήνεμος.

313 855 390 924 douo
402 897 444 906 —
456 860 631 941 ἀνήνυστος.

313 958 368 1046 ώρο
380 999 423 1009 -
435 962 589 1045 ἀνήροτος.

270 1088 276 1131 :
316 1066 366 1128 ue
379 1101 421 1110 -
434 1064 580 1145 ἐξήλατος,
602 1066 758 1146 βοηλασίῃ,
780 1065 937 1146 ἷτιτιήλατα.

312 1167 378 1230 ἕνειι
389 1202 433 1212 -
445 1167 593 1246 διηνεκής,
615 1166 793 1246 ποδηνεκής,
815 1167 1008 1249 δουρηνεκής.

315 1268 368 1352 ἔρα
388 1304 423 1314 -
435 1267 590 1349 ἐπήρατος,
611 1269 806 1351 πολυήρατος.

314 1371 376 1451 {pec
387 1407 430 1416 —
442 1371 657 1451 δολιχήρετμος,
683 1371 868 1453 φιλήρετμος.

314 1471 642 1555 eso-uenero,
675 1471 836 1553 ἕποιεοήι,
873 1472 1052 1554 amnena,
1081 1471 1263 1553 ὑπωρόφιοι,
1291 1470 1404 1552 ὕψου-

359 1574 419 1654 οής
445 1578 463 1634 1
485 1576 558 1636 osa.

314 1674 377 1757 ε’ριδ
389 1711 432 1720 -
444 1674 638 1756 ἀμφήριστος.

275 1800 281 1842 :
317 1775 419 1858 ὀβολός
431 1813 474 1822 -
487 1778 678 1858 πεμπώβολα.

315 1876 362 1940 ὀισ
374 1915 418 1926 -
429 1877 582 1957 ἀνώιστος,
603 1877 733 1941 ἀνωιστί.

316 1979 411 2060 ὄνομα
423 2016 466 2026 -
479 1980 635 2059 ἐπώνυμος
657 1985 718 2044 etc.

315 2081 388 2157 ὄνυξ
401 2118 444 2127 -
455 2083 682 2163 κρατερώνυχες,
704 2082 910 2163 γαμψώνυχες.

317 2183 386 2265 ὄρος
398 2220 442 2229 -
454 2183 594 2266 ὑπωρέια.

319 2284 391 2366 ὀρυχ
403 2322 446 2332 -
458 2284 678 2366 κατωρυχέεσσι.

185 2392 270 2451 Raro
301 2393 334 2450 et
363 2392 497 2463 cogente
530 2390 719 2465 plerumque
744 2391 848 2450 metro
871 2391 985 2452 breves
1008 2393 1142 2451 manent
1165 2389 1327 2452 eiusmodi
1349 2387 1412 2463 syl·

140 2494 243 2569 labae,
268 2509 295 2553 6.
319 2507 349 2566 g.
375 2481 552 2569 ἁλεξώνεμον
576 2493 592 2563 ζ
615 2494 689 2568 529,
713 2488 862 2571 ὑψερεφές
885 2494 914 2551 Ε
939 2495 1001 2553 213
1027 2496 1088 2554 eto.

186 2597 223 2655 In
254 2593 428 2669 posteriore
460 2595 571 2667 lingua
598 2595 712 2654 eadem
734 2595 816 2655 ratio
840 2595 938 2671 valet,
962 2597 999 2656 nt
1021 2596 1137 2657 docent
1163 2609 1260 2655 voces
1291 2589 1414 2670 ἔπηλυς,

141 2696 312 2775 κατήγορος,
334 2694 505 2774 τριώβολον,
527 2692 684 2772 ἀνώνυμος
708 2696 790 2757 aliae
813 2700 996 2758 sexcentae.
1022 2698 1092 2759 Vid.
1118 2698 1218 2758 etiam
1242 2697 1260 2765 ἓ
1290 2697 1345 2757 90.

187 2894 209 2979 5
238 2897 288 2962 22.
318 2899 440 2960 Versus
472 2900 595 2973 aliquot
623 2901 790 2961 ordiuntur
822 2915 841 2960 a
872 2901 997 2975 syllaba
1025 2902 1124 2976 brevi,
1148 2916 1246 2974 quam
1270 2899 1358 2961 ictus
1382 2899 1416 2959 vi

142 3003 273 3075 longam
295 3000 374 3077 fleri,
399 3005 484 3062 certe
508 3017 563 3076 pro
586 3002 682 3075 longa
704 3004 895 3077 usurpatam
919 3019 1001 3080 esse,
1026 3005 1167 3079 apparet.
1192 3003 1275 3062 Sunt
1298 3002 1350 3063 hi:

232 3095 293 3161 ἐπεὶ
316 3105 348 3161 Χ
369 3104 432 3162 379
461 3105 531 3163 Ψ2
556 3102 574 3161 d
600 3105 639 3163 13
664 3107 688 3160 θ
712 3105 775 3163 452
801 3125 824 3177 φ
849 3105 890 3164 25
916 3126 939 3163 ω
963 3105 1038 3164 482.

232 3202 281 3263 διὰ
304 3207 333 3262 Γ
352 3206 415 3265 357
441 3206 468 3262 Δ
494 3205 556 3265 135
580 3206 614 3262 H
636 3206 697 3264 251
724 3209 754 3262 Λ
779 3207 842 3265 435
870 3202 901 3274 ¹).

233 3301 299 3380 φίλε
324 3307 351 3363 Δ
378 3308 439 3365 155
464 3308 493 3362 Ε
517 3307 581 3366 359
608 3307 637 3363 Φ
661 3306 736 3365 308.

232 3408 345 3466 saevos)
371 3409 403 3464 Π
425 3410 443 3464 9
469 3408 569 3476 (codd.
595 3405 717 3477 εἱανοῦ).

229 3499 310 3567 ’irino
336 3508 368 3565 Ω
394 3511 421 3568 l.

234 3610 282 3669 Ex
306 3611 445 3670 Hesiodo
469 3610 651 3671 addendum
675 3613 725 3671 est
748 3609 838 3689 δρυὸς
864 3611 955 3686 oper.
981 3613 1045 3671 436
1069 3612 1158 3683 (cf.§
1184 3613 1246 3679 76).

147 3712 365 3784 Monosyllaba
396 3727 472 3771 vero
502 3710 537 3769 τά
569 3710 620 3770 τόν
643 3713 673 3771 in
700 3728 854 3773 versuum
878 3714 982 3774 fronte
1008 3715 1063 3773 vix
1086 3715 1174 3774 recte
1197 3712 1420 3787 producuntur

149 3815 178 3871 Φ
201 3815 264 3873 352
289 3810 322 3872 rb
346 3810 414 3892 περὶ
440 3810 516 3871 καλὰ
539 3810 648 3891 ῥέεθρα
674 3817 707 3874 et
731 3836 743 3873 ε
769 3817 832 3876 266
856 3813 907 3875 τὸν
931 3813 1037 3895 ἕτερον.
1060 3817 1168 3876 Tertio
1190 3813 1260 3874 loco
1280 3814 1336 3887 qui
1356 3814 1420 3875 huc

146 3915 305 3988 pertinere
331 3915 467 3990 videtur,
499 3915 530 3972 Ω
557 3917 617 3975 154
649 3903 682 3987 ὃς
706 3913 777 3992 ἄξει,
800 3933 975 3991 pronomen
997 3912 1072 3989 Pb)
1099 3916 1301 3978 intercidisse
1326 3915 1421 3977 docet

148 4032 262 4076 versus
292 4017 418 4077 vicinus
444 4017 505 4076 183
539 4014 571 4088 ὅς
594 4010 617 4075 d
642 4014 716 4095 ἄξει,
737 4019 776 4079 cf.
801 4020 819 4087 5
843 4020 884 4079 92
908 4023 974 4080 not.
1000 4021 1029 4079 2.
1054 4020 1095 4079 Et
1117 4020 1151 4079 in
1174 4033 1271 4078 versu
1297 4018 1330 4075 X
1355 4018 1420 4078 236

147 4105 180 4187 ’ὃς
214 4115 295 4194 ἔτλης
326 4115 395 4194 ἐμεῦ
426 4111 508 4176 εἵνεκ’
542 4120 748 4193 probabiliter
779 4126 959 4181 correctum
990 4125 1041 4182 est
1076 4116 1109 4193 ὃς
1131 4124 1199 4198 τλῆς
1220 4113 1303 4179 εἵνεκ’
1332 4115 1421 4196 ἐμεῖο.

155 4269 373 4276 .-.---.-

184 4374 202 4439 ¹)
220 4377 273 4422 llos
286 4376 356 4423 locos
373 4380 508 4437 corruptos
525 4392 591 4434 esse,
608 4379 669 4425 olim
688 4380 755 4425 enim
773 4394 823 4426 non
840 4381 879 4427 deb
893 4382 935 4439 plo
952 4381 1051 4434 ὰοιτλδος
1065 4375 1122 4439 ›ll-‘h
1132 4374 1224 4443 (rael
1237 4383 1262 4425 Η
1270 4381 1351 4426 2511
1360 4374 1422 4442 436)

149 4459 176 4502 et
193 4457 232 4502 ὁῖὰ
253 4458 296 4515 μὶν
312 4455 341 4519 ἂρ
359 4459 472 4521 ζωστῆρος
488 4458 520 4515 (Δ
545 4458 603 4515 135)
627 4458 707 4504 fuisse
726 4459 772 4505 sed
789 4462 816 4513 bi
833 4455 862 4524 (i.
878 4475 900 4507 θ.
921 4457 973 4524 ὁμὰ)
990 4462 1033 4518 priv
1050 4460 1085 4524 ἄρ’
1106 4459 1205 4511 ἀσπίδος
1222 4454 1281 4517 dide
1298 4460 1366 4514 0th
1378 4459 1423 4517 patr

148 4537 194 4602 ἄρα
217 4538 337 4600 ζωστῆρος,
354 4550 403 4582 non
421 4536 453 4582 de
472 4537 551 4582 nihilo
569 4537 707 4583 coniecerit
724 4539 851 4599 quispiam
870 4539 970 4586 collatis
988 4552 1054 4599 quae
1073 4539 1098 4584 in
1117 4537 1131 4596 5
1149 4539 1181 4584 66
1197 4539 1258 4583 sunt
1276 4536 1423 4585 observata.
