3120 5124
136 416 217 484 295]
703 415 766 473 oio

132 601 249 662 Aliam
268 600 355 660 viam
376 599 513 672 ingressi
533 600 611 659 sunt
630 600 691 659 viri
710 600 795 661 docti
815 601 973 675 PKnight,
987 602 1204 665 vHerwerden
1219 602 1363 685 (Quaest.

118 703 179 777 pic.
212 717 242 776 p.
275 698 340 778 30),
371 701 510 761 Leskien
534 693 636 780 (Gurt.
660 701 750 761 Stud.
782 703 814 762 Π
836 717 866 776 p.
895 697 983 783 too),
1007 704 1118 765 Nauck
1143 707 1224 775 (Mel.
1256 708 1366 769 Greco-

118 820 188 865 om.
213 804 257 864 IV
280 819 311 878 p.
333 804 375 864 53
394 807 486 878 sqq),
511 803 566 876 qui
592 802 696 863 solam
725 805 861 879 stirpem
892 802 1006 881 tufeio)
1030 806 1109 866 oiim
1133 809 1284 869 extitisse
1306 811 1367 871 sibi

118 907 335 981 trsuaserunt,
367 921 384 964 e
414 905 632 965 contractione
663 908 775 967 autem
798 908 894 967 natae
923 921 995 968 esse
1018 908 1142 968 formas
1165 913 1271 969 λοῦσεν
1296 904 1366 992 (pro

118 1001 210 1088 ἑεσεν)
241 1010 320 1082 etc.;
351 1022 434 1080 quae
464 1007 494 1066 si
523 1007 686 1081 probanda
717 1010 806 1069 esset
828 1009 944 1083 opinio,
970 1014 1160 1083 sequeretur
1181 1015 1220 1072 ut
1243 1012 1366 1074 formae

118 1112 227 1185 pertas
254 1103 366 1169 ’λόεσεν
400 1110 460 1169 etc.
492 1109 616 1183 passim
638 1109 897 1187 restituerentur,
927 1111 957 1169 id
982 1113 1064 1183 quod
1088 1111 1181 1186 longe
1205 1113 1366 1188 plerisque

118 1212 176 1273 cis
198 1210 269 1271 fieri
292 1211 371 1271 sinit
392 1213 536 1271 metrum
557 1244 597 1254 —
619 1211 653 1270 in
675 1212 761 1271 thesi
784 1213 871 1272 enim
894 1214 979 1273 solet
1002 1228 1074 1273 esse
1097 1214 1223 1288 syllaba
1245 1218 1300 1275 λου
1314 1250 1365 1291 -,

118 1314 147 1374 ic
178 1313 247 1374 illio
276 1313 376 1373 etiam
406 1312 538 1386 suadet;
571 1313 634 1374 vid.
659 1328 687 1374 e.
711 1329 741 1387 g.
774 1313 857 1374 148
890 1311 923 1374 ἐὺ
948 1312 1048 1386 ξεστὰς
1067 1309 1224 1375 ’λούσαντο
1248 1318 1282 1377 in
1304 1316 1368 1376 fine

118 1430 223 1475 ersus.
256 1413 337 1475 Cum
369 1415 482 1474 tamen
512 1414 596 1474 solvi
626 1415 859 1490 diphthongum
892 1418 1036 1476 metrum
1067 1432 1229 1490 nusquam
1260 1421 1370 1493 aperte

118 1516 218 1591 theat,
253 1514 472 1590 compluribus
505 1530 582 1576 vero
618 1516 697 1576 locis
728 1516 901 1578 manifeste
933 1519 1022 1579 vetet
1055 1515 1096 1593 (E
1120 1521 1139 1580 6
1164 1515 1230 1582 Ξῖ
1257 1519 1272 1590 ζ
1295 1519 1368 1593 210,

118 1619 173 1693 16,
200 1619 285 1692 219),
317 1616 525 1676 abstinendas
560 1617 714 1677 duximus
748 1632 876 1693 manus,
912 1633 988 1679 cum
1023 1620 1215 1693 praesertim
1247 1620 1370 1680 formae

118 1720 286 1780 ecurtatae
316 1715 402 1793 ἐλο-ε,
428 1711 534 1792 'td-ov,
561 1716 698 1776 λό-εσθαι
729 1722 762 1780 et
793 1735 912 1781 nomen
941 1720 1069 1781 verbale
1093 1720 1212 1799 λοετρόν
1240 1724 1370 1783 nostrae

118 1820 306 1895 xplicationi
329 1819 471 1894 faveant,
502 1833 579 1878 nam
610 1822 706 1879 natae
741 1822 819 1880 sunt
854 1837 895 1881 er
932 1818 1039 1897 ἔλον-ε,
1067 1820 1196 1899 ἔλον-ον,
1218 1823 1371 1899 λούεσθαι,

118 1920 262 1999 coapto,
289 1920 563 1995 quemadmodum
593 1918 753 1999 ρεύ-εθρον
776 1922 808 1982 in
832 1919 972 2002 ρἑεθοον
997 1924 1085 1984 abiit.
1110 1925 1224 1998 Itaque
1249 1925 1371 1986 formae

118 2022 230 2097 λούεον,
270 2019 381 2098 ἔλουσε,
421 2020 575 2096 λούεσθαι,
615 2019 790 2098 λελουμένος
832 2025 893 2084 etc.
944 2025 1022 2084 vitio
1064 2027 1160 2085 natas
1202 2040 1275 2086 esse
1314 2031 1372 2087 aut

119 2124 278 2184 ecentiore
313 2122 445 2183 demum
477 2137 557 2182 aevo
591 2120 669 2196 flngi
702 2125 848 2197 potuisse
883 2138 1051 2199 negamus,
1088 2127 1272 2198 ceteroquin
1307 2141 1371 2186 non

118 2225 310 2298 repugnaturi
340 2224 369 2284 si
398 2223 471 2297 quis
499 2217 650 2283 ’λοέσαντο
681 2240 736 2298 pro
757 2218 913 2284 ’λούσαντο
941 2225 1068 2298 aliaque
1092 2226 1251 2286 eiusmodi
1276 2229 1372 2287 metri

118 2338 199 2385 ausa
221 2326 273 2385 hic
295 2325 362 2385 illic
385 2324 516 2385 rescribi
540 2323 660 2399 iubeat,
683 2340 761 2385 nam
783 2325 831 2386 ita
854 2340 979 2398 quoque
1003 2330 1131 2387 veteres
1153 2329 1265 2402 poetas
1285 2328 1372 2400 loqui

118 2427 230 2496 οολαίοοο
259 2428 422 2486 testantur
452 2426 574 2486 formae
606 2441 744 2499 quarum
774 2428 977 2501 geminatum
1002 2429 1053 2487 est
1076 2429 1191 2502 sigma,
1215 2424 1372 2504 λοέσσομαι

118 2526 180 2603 etc.;
205 2527 268 2587 vid.
293 2524 313 2603 ξ
339 2529 356 2587 7
380 2542 453 2601 pag.
477 2528 531 2587 43.

146 2733 176 2790 4.
200 2727 374 2795 πενθείετον
408 2729 443 2786 Ψ
459 2727 522 2787 283
548 2720 602 2805 (cf.
627 2724 647 2803 ἕ
672 2721 791 2809 28610),
815 2725 903 2788 infin.
923 2726 1111 2804 πενθήμεναι
1142 2745 1159 2788 σ
1184 2731 1246 2790 174
1269 2752 1284 2788 τ
1310 2730 1373 2790 120

118 2829 158 2892 ολ.
181 2828 201 2907 ἕ
228 2823 317 2911 195),
341 2845 406 2890 aor.
430 2832 581 2905 πενθῆσαι
606 2830 633 2887 Τ
654 2829 728 2889 225.

146 2931 299 2992 Formam
329 2928 501 2989 πενθείετον
532 2945 573 2990 ex
607 2927 815 3007 πενθὲσ-μτον
847 2931 1003 3005 prodiisse
1034 2930 1131 2992 fldem
1155 2931 1232 2992 facit
1254 2947 1373 2992 nomen
1480 3005 1483 3009 ἱ

118 3030 129 3084 l
164 3030 287 3103 πένθος.
317 3030 489 3092 Noluimus
519 3034 630 3092 tamen
666 3033 707 3092 ad
729 3032 827 3092 huius
857 3032 980 3092 formae
1005 3033 1187 3106 analogiam
1211 3030 1373 3091 πενθέσσαι

118 3134 241 3194 :tibere
260 3136 389 3207 propter
407 3131 605 3192 infinitivum
625 3130 827 3209 πενθήμεναι;
848 3148 1048 3206 quamquam
1067 3133 1128 3193 hoc
1143 3136 1373 3207 argumentum

118 3244 168 3294 on
189 3234 236 3295 ita
259 3232 390 3294 firmum
414 3248 487 3293 esse
511 3235 603 3294 docet
626 3233 762 3294 verbum
785 3248 934 3306 sequens.

148 3335 177 3395 A
196 3336 297 3410 stirpe
316 3340 480 3425 πεαθ-πζνθ
501 3329 595 3417 (ποθ)
616 3337 782 3410 praeterea
801 3334 902 3412 πάσχω
922 3334 1060 3411 πείσομαι
1072 3332 1213 3394 πέπονθα
1228 3333 1257 3410 (ξ
1275 3337 1374 3405 16010)

118 3441 261 3517 rtglnem
284 3443 390 3504 habet.

150 3645 180 3704 ὅ.
211 3641 316 3704 ποθέω
343 3649 404 3705 etc.
430 3638 547 3725 (praes.
576 3648 609 3704 et
631 3638 773 3724 imperi.)
799 3646 823 3701 Β
848 3645 911 3704 703
937 3667 956 3702 α
981 3646 1045 3703 343
1069 3645 1141 3717 etc,
1166 3641 1253 3702 infin.
1278 3642 1377 3718 ποθή-

118 3760 191 3804 ενοιι
225 3768 246 3821 μ
281 3746 344 3805 110
379 3738 433 3826 (cf.
469 3747 488 3822 ξ
522 3740 610 3829 195),
642 3746 749 3805 iterat.
779 3739 935 3804 ’ποθέεσκε
968 3748 997 3802 Α
1028 3746 1103 3819 492,
1135 3758 1200 3803 aor.
1230 3737 1378 3802 ’πόθεσαν

118 3845 125 3886 ³
155 3849 230 3923 219,
255 3845 386 3907 ποθέσαι
409 3848 429 3926 β
453 3846 559 3908 37511
585 3848 658 3908 748.

149 3949 199 4009 Ab
227 3950 341 4010 eadem
368 3951 467 4024 stirpe
485 3952 618 4010 ductum
647 3951 698 4009 est
725 3963 842 4008 nomen
869 3942 889 4023 ἡ
911 3946 995 4023 ποθή
1023 3947 1075 4006 vel
1104 3941 1241 4014 ὀπόθος
1269 3945 1379 4005 decide

118 4047 203 4111 ium.
237 4051 408 4112 Praeterea
440 4066 514 4111 cum
538 4049 701 4110 veteribus
725 4049 949 4122 grammaticis
972 4049 1036 4108 huc
1058 4046 1159 4106 refero
1183 4046 1379 4106 adiectivum

118 4150 290 4222 ε-πόθεστος
311 4153 497 4229 sequence
519 4153 601 4226 296;
622 4152 700 4209 sunt
720 4151 832 4210 tamen
852 4150 945 4210 hodie
964 4149 1018 4222 qui
1043 4144 1223 4217 ἀπόθεστος
1237 4147 1383 4208 dividant

118 4260 234 4327 ocem,
257 4268 278 4313 a
300 4268 394 4313 casco
419 4257 529 4327 etymo
552 4252 745 4326 repetentes,
771 4251 834 4310 vid.
860 4249 1099 4311 Konner-Blass
1122 4248 1152 4307 Π
1176 4263 1205 4321 p.
1231 4247 1306 4308 440.

157 4455 186 4513 6.
217 4452 350 4531 -ραίοασι
380 4476 400 4529 μ
424 4454 499 4530 290,
531 4450 627 4529 ἔρραιε
657 4452 770 4527 ζ326,
798 4448 898 4535 ῥαίῃσι
929 4472 942 4510 ε
967 4451 1041 4525 221,
1074 4450 1133 4509 rut.
1165 4447 1273 4525 -ραίσει
1301 4450 1321 4506 I
1343 4449 1383 4509 78

118 4568 131 4602 ¹
158 4554 220 4613 404
242 4554 261 4632 β
285 4555 338 4630 49,
362 4553 512 4633 -ραίσουσι
536 4577 554 4610 α
579 4555 723 4614 251--π
749 4554 822 4629 128,
847 4550 1016 4631 ῥαισέμεναι
1039 4554 1063 4608 θ
1087 4552 1150 4611 569
1175 4572 1193 4608 ν
1219 4551 1281 4610 177
1306 4549 1383 4610 Ηθθ.

1273 4654 1301 4700 88
