3120 5124
671 466 765 513 XXXV

80 640 110 701 ci
136 640 239 701 fuisse
262 640 324 701 sibi
347 642 518 716 persuasit.
543 642 729 716 cynaethus
753 643 838 703 circa
861 657 984 703 annum
1008 645 1072 704 500
1096 643 1229 721 vixisse,
1254 644 1353 720 Hym-

79 757 158 802 num
194 743 354 817 Apollinis
389 747 610 820 composuisse
635 744 666 819 ¹),
711 743 843 805 Homeri
879 747 1024 805 carmina
1058 746 1172 806 multis
1208 749 1354 807 versibus

79 847 176 905 aucta
206 846 379 918 Syracusis
400 847 543 921 primum
567 845 722 905 recitasse
745 845 812 905 illic
835 845 945 906 fertur.
971 847 1074 923 Quam
1098 850 1254 923 temporis
1276 850 1353 910 indi·

79 948 242 1009 tationem
274 948 370 1008 multi
399 951 584 1023 corruptam
616 949 770 1010 ducentes
800 949 927 1009 litteras
950 948 990 1021 ξθ
1020 949 1053 1009 in
1084 953 1127 1007 κθ
1154 951 1230 1020 (660
1254 967 1282 1010 a.
1309 950 1353 1026 0.,

78 1046 215 1125 εἰκοστὴν
239 1065 295 1124 pro
318 1047 488 1129 ἑξηκοστὴν)
513 1053 643 1112 mutant
655 1066 729 1111 cum
742 1052 932 1126 Duentzero,
956 1050 1053 1111 aliam
1080 1051 1167 1111 viam
1187 1052 1354 1125 ingressus

80 1150 118 1210 A.
154 1151 196 1211 H.
233 1152 334 1225 Sayce
365 1168 466 1228 nuper
500 1154 670 1214 defendere
701 1155 836 1213 conatus
866 1155 927 1228 est,
965 1152 1064 1212 Ionici
1103 1152 1179 1213 belli
1209 1155 1354 1229 tempore

81 1251 285 1326 Cynaethnm
318 1255 484 1315 hominem
516 1254 631 1315 Chium
662 1269 782 1314 novam
813 1254 875 1313 sibi
905 1255 939 1313 in
967 1253 1076 1314 Sicilia
1098 1255 1237 1328 patriam
1261 1271 1353 1329 quae·

79 1353 199 1414 sivisse
232 1355 338 1428 ibique
369 1357 567 1416 carminibus
592 1355 690 1430 epicis
714 1355 888 1415 recitandis
913 1355 1016 1414 vitam
1040 1357 1245 1417 sustentasse
1268 1358 1353 1418 haud

79 1456 335 1529 improbabiliter
368 1458 529 1518 coniciens
550 1457 582 1527 ²).
615 1457 702 1531 Quae
732 1457 761 1516 si
794 1457 841 1516 lta
871 1457 1000 1532 habent,
1033 1457 1214 1530 Odysseam
1244 1458 1284 1518 ab
1316 1474 1354 1519 eo

79 1554 158 1630 tingi
189 1572 253 1618 non
286 1559 430 1632 potuisse
453 1561 595 1634 apparet,
619 1572 697 1617 nam
721 1558 774 1618 diu
799 1558 876 1617 ante
898 1557 986 1617 Darii
1008 1559 1155 1631 tempora
1178 1573 1254 1619 cum
1276 1559 1354 1619 Ilias

79 1661 152 1717 tum
185 1658 331 1733 Odyssea
362 1660 438 1721 talis
468 1661 545 1739 iere,
569 1659 674 1733 qualis
703 1674 789 1719 nunc
819 1659 948 1735 iegitur,
973 1659 1267 1732 circumferebatur,
1291 1662 1354 1721 nisi

80 1760 193 1819 omnia
216 1775 276 1820 nos
300 1761 415 1822 fallunt
435 1767 467 1832 ⁸).

127 1859 283 1936 Quicquid
306 1863 339 1924 id
363 1864 423 1938 est,
448 1896 489 1906 -
513 1878 592 1922 nam
613 1863 754 1923 incertas
774 1862 834 1922 has
858 1862 897 1922 de
921 1862 1017 1922 rebus
1036 1862 1155 1935 ignotis
1175 1863 1354 1923 hariolatio·

79 1975 141 2020 nes
165 1963 338 2022 mittamus
361 1978 447 2023 nunc
470 1965 605 2038 oportet,
625 1996 665 2007 -
686 1965 815 2024 constat
834 1964 959 2037 epicam
980 1978 1112 2023 musam
1131 1978 1205 2038 non,
1225 1963 1354 2037 perinde

80 2064 180 2135 atque
211 2063 307 2124 deam
338 2065 528 2141 Minervam,
560 2065 705 2125 adultam
739 2064 911 2138 aliquando
939 2065 1066 2125 eIovis
1090 2064 1226 2125 alicuius
1250 2065 1354 2139 capite

80 2163 114 2223 in
139 2163 285 2225 medium
309 2166 508 2242 prosiluisse,
532 2165 589 2226 sed
613 2181 631 2226 e
653 2165 773 2227 tenella
792 2166 929 2226 infantia
948 2167 1072 2226 sensim
1092 2167 1277 2226 excrevisse
1295 2181 1355 2226 nec

81 2264 146 2324 ulsi
166 2265 258 2326 tarde
278 2267 318 2327 ad
337 2267 481 2340 integras
500 2268 587 2326 vires
606 2266 788 2340 aetatisque
803 2267 914 2327 florem
927 2268 1123 2341 pervenisse.
1136 2266 1298 2327 Homerus
1312 2300 1352 2309 -

82 2367 121 2425 ut
151 2366 212 2427 boc
242 2368 373 2428 nomine
405 2367 452 2427 ita
474 2383 559 2428 nunc
580 2370 714 2427 utamur
736 2369 774 2427 ut
795 2369 923 2428 veteres
945 2367 1093 2428 solebant
1117 2400 1157 2411 -
1181 2366 1353 2443 Homerus,

82 2466 138 2538 qui
177 2468 270 2527 nobis
303 2469 428 2543 primus
462 2470 513 2528 est
547 2468 744 2528 Graecorum
777 2470 882 2544 poeta,
916 2469 1001 2528 unde
1036 2469 1163 2529 litterae
1199 2468 1353 2529 classicae

81 2565 212 2627 initium
240 2568 370 2645 habent,
402 2584 515 2630 revera
545 2569 607 2629 luit
635 2571 821 2644 postremus
851 2577 909 2628 τῶν
935 2566 1275 2645 condominantem
1298 2569 1354 2630 alii

83 2667 194 2728 vixere
228 2670 335 2746 multi,
370 2684 507 2743 quorum
541 2672 699 2731 memoria
731 2671 887 2746 temporis
922 2671 1073 2730 iniuriam
1105 2685 1258 2745 superare
1289 2685 1353 2731 non

81 2769 205 2843 porciu

482 2862 521 2949 ἦν
543 2893 576 2951 γε
599 2869 659 2949 μὰν
681 2869 839 2948 ἐπικώμιος
861 2871 956 2948 ὕμνος

127 2968 165 3046 δὴ
189 2971 290 3048 πάλαι,
311 2969 363 3031 καὶ
384 2969 456 3051 πρὶν
477 2969 618 3052 γενέσθαι
640 2970 694 3032 τὰν
717 2971 874 3050 Ἀδράστου
898 2972 951 3031 τάν
975 2994 1004 3031 τε
1028 2971 1188 3047 Καδμείων
1210 2970 1282 3049 ἔριν,

82 3074 118 3131 nt
141 3087 218 3133 vere
239 3074 322 3133 dixit
345 3074 504 3135 Pindarus
526 3074 619 3136 Nem.
639 3074 715 3134 VIII
739 3075 792 3135 85.
816 3075 952 3135 Iliadem
972 3076 1068 3148 atque
1087 3074 1267 3146 Odysseam
1288 3089 1352 3134 non

82 3187 99 3231 e
125 3173 225 3233 tluxIs
248 3175 433 3248 sparsisque
457 3175 604 3249 gentium
627 3175 823 3236 Graecamm
846 3175 965 3236 fabulis
988 3177 1167 3250 procreavit
1186 3175 1351 3249 ingenium

83 3274 177 3334 nnius
212 3274 354 3335 hominis
383 3291 480 3350 quem
510 3276 639 3337 divinus
670 3276 796 3336 afflaret
826 3277 969 3350 spiritus,
1009 3276 1284 3349 quemadmodum
1318 3276 1352 3335 in

81 3376 217 3436 humore
237 3376 422 3450 frigescenti
441 3378 548 3438 subIto
567 3378 744 3452 gignuntur
763 3377 925 3452 crystalli;
946 3392 1049 3450 neque
1066 3392 1142 3437 vero
1155 3410 1195 3420 -
1208 3378 1242 3436 in
1253 3392 1351 3450 quam

82 3478 265 3551 opinionem
293 3478 371 3539 olim
403 3477 492 3539 WoII
511 3479 679 3553 magisque
704 3478 805 3538 etiam
828 3479 1015 3538 Lachmann
1035 3483 1057 3548 ⁴)
1081 3493 1201 3552 pronus
1224 3478 1286 3537 fuit
1310 3512 1350 3521 -

81 3593 98 3636 e
121 3578 243 3638 crebris
266 3578 472 3653 carminibus,
496 3593 578 3652 quae
601 3578 690 3639 nullo
713 3578 841 3638 vinculo
864 3578 927 3638 nisi
952 3580 1216 3651 argumentorum
1240 3578 1350 3637 simili·

114 3830 132 3892 Ι)
152 3833 299 3892 Thucydidi
316 3837 384 3881 certe
401 3832 452 3898 (111
472 3832 531 3897 104)
548 3839 574 3883 et
595 3837 760 3897 Aristophani
783 3837 881 3883 comico
901 3831 957 3899 (hv.
976 3849 1012 3882 vs.
1036 3832 1096 3897 515)
1113 3836 1199 3894 ignota
1217 3838 1271 3881 erat
1287 3835 1351 3882 haee

82 3912 176 3971 tabula,
193 3915 304 3972 uterque
322 3915 390 3960 sulm
408 3915 458 3975 Ipsi
475 3915 586 3962 Homero
603 3916 672 3963 huno
690 3917 814 3975 hymnum
832 3914 929 3962 tribuit.

111 3990 133 4050 ¹)
150 3991 207 4039 vid.
233 4004 301 4052 qnae
323 3993 403 4052 Sayoe
424 3993 528 4054 scripsit
550 3995 679 4055 Aoadmy
703 3997 767 4042 1884
790 3994 872 4042 Novb.
892 3994 922 4040 15
939 4007 965 4053 p.
984 3995 1040 4048 ³26,
1059 3993 1137 4039 allata
1155 4005 1169 4038 a
1187 3992 1273 4038 HIckio
1290 3991 1351 4038 Ilias

81 4084 105 4131 p.
122 4083 193 4119 mr.

111 4145 135 4214 ³)
154 4150 318 4210 Quamquam
338 4146 399 4197 Flolr
416 4151 505 4210 Sayoio
523 4151 695 4211 adstipulatus
712 4152 774 4200 Ilias
790 4167 815 4213 p.
830 4163 916 4198 mm
931 4150 1023 4197 sumsit
1037 4148 1142 4195 Iliadem
1163 4150 1189 4194 et
1211 4148 1350 4206 Odysseam

81 4241 168 4276 revera
185 4228 325 4276 annotare
345 4228 393 4276 500
411 4232 470 4277 ante
489 4230 548 4278 Ohr.
565 4231 717 4279 hodiernam
734 4245 808 4278 suam
827 4231 936 4277 formam
954 4228 1076 4275 induisse.

111 4304 133 4369 ⁴)
150 4306 361 4367 Bahaobtungen
387 4307 452 4356 dbsr
477 4310 551 4357 Hom.
574 4309 636 4356 Ilias
660 4311 733 4367 1837,
758 4310 830 4356 1841.
853 4307 1048 4355 Ecarminibus
1064 4305 1156 4365 xvm,
1175 4303 1351 4363 duodeviginti

82 4386 189 4434 tortasse
206 4389 342 4447 poetarum
360 4386 488 4447 oporibus,
505 4388 614 4436 Iliadem
635 4389 763 4436 coaluisse
781 4388 930 4435 Lachmann
950 4385 1125 4433 demonstrare
1143 4383 1250 4430 studuit.
1268 4383 1351 4439 Quem

80 4470 184 4514 naum
200 4468 230 4514 Δ.
247 4465 349 4525 Kbohly
367 4468 429 4513 1811
448 4467 475 4513 in
491 4467 604 4514 carmina
627 4468 693 4522 XVI,
713 4482 728 4514 a
748 4465 963 4515 Lachmannianis
981 4462 1097 4509 nonnihil
1115 4461 1224 4521 diversa,
1243 4460 1350 4507 Iliadem

80 4543 223 4604 moult
247 4539 367 4605 (abiectis
391 4549 412 4591 Σ
435 4547 524 4593 3111111
544 4545 606 4609 dn).
629 4547 734 4595 wolfius
759 4547 882 4594 malorem
905 4545 974 4591 certe
997 4545 1097 4602 partem
1121 4539 1261 4586 carminum
1285 4552 1351 4598 quas

81 4620 187 4670 Mem
207 4622 325 4669 alliciunt
342 4621 388 4668 uni
404 4621 539 4683 eidemque
556 4628 648 4684 poetae
663 4624 800 4672 tribuebat.
