3120 5124
758 437 812 481 mv

194 610 235 671 nt
264 625 339 671 cum
369 624 426 685 pro
450 610 588 672 sacratis
611 609 716 683 magis
741 609 910 683 magisque
933 610 1129 671 haberentur
1151 623 1234 682 quae
1258 607 1422 668 Homerus

150 712 297 787 dixisset,
319 718 352 772 et
369 711 463 772 nefas
480 711 644 772 videretur
664 710 744 771 talia
755 711 943 772 addubitare
964 709 996 786 ¹),
1010 726 1124 772 versus
1136 726 1177 771 ex
1190 710 1260 770 eius
1273 709 1422 783 operibus

150 813 330 888 deprompti
359 812 403 872 ibi
433 828 559 887 quoque
590 812 645 872 ubi
675 813 761 873 seria
792 815 889 885 atque
911 813 1108 886 gravissima
1130 811 1308 886 agebantur
1331 825 1422 885 argu·

151 915 253 975 menti
290 915 359 975 loco
394 914 526 990 proferri
560 913 717 975 solebant.
753 913 805 975 Sic
839 912 994 975 Gelonem
1030 914 1270 988 Syracusanum
1306 912 1422 973 classis

150 1014 302 1076 Graecae·
321 1016 495 1090 imperium
526 1015 733 1075 affectantem
757 1015 1007 1075 Atheniensium
1035 1016 1133 1087 legati
1158 1030 1214 1089 spe
1237 1014 1423 1075 deiecerunt

150 1116 259 1178 allatis
289 1117 460 1178 versiculis
489 1117 601 1178 Iliadis
632 1116 686 1176 ubi
717 1116 924 1177 Menestheus
947 1117 1156 1178 Atheniensis
1178 1117 1245 1176 dux
1268 1117 1319 1177 sui
1343 1119 1421 1177 tem·

151 1218 237 1292 poris
266 1218 300 1278 in
330 1218 400 1278 acie
432 1218 607 1279 ordinanda
630 1219 849 1293 peritissimus
873 1221 1007 1279 vocatur
1027 1214 1067 1292 ’ῃ
1091 1218 1131 1279 ad
1155 1219 1285 1280 eosdem
1310 1220 1421 1279 autem

152 1335 266 1380 versus
292 1319 330 1380 fit
352 1320 469 1381 allusio
492 1321 525 1381 in
549 1322 783 1396 epigrammate
807 1322 1022 1397 mouumenti,
1047 1321 1131 1395 quod
1154 1323 1228 1397 post
1251 1320 1422 1382 victoriam

151 1437 171 1482 a
202 1421 334 1482 (limone
364 1423 404 1483 ad
437 1422 645 1496 Strymonem
672 1438 755 1484 anno
780 1424 845 1483 470
868 1438 897 1484 a.
923 1422 956 1483 O.
980 1423 1178 1497 reportatam
1202 1424 1253 1483 est
1277 1424 1422 1482 erectum

152 1523 313 1593 (Aeschin.
337 1520 427 1600 1115
453 1525 636 1601 183-185,
662 1524 746 1585 Plut.
772 1523 853 1584 (iim.
880 1524 927 1593 ll:

372 1622 403 1683 ἔκ
426 1645 496 1684 ποτε
518 1624 606 1702 τῆσδε
629 1623 739 1702 πόληος
763 1618 810 1700 ἅμ’
835 1623 994 1707 Ἀτρεΐδῃσι
1020 1623 1200 1697 Μενεσθεὺς

418 1720 516 1804 ἡγεῖτο
539 1724 649 1797 ζάθεον
674 1724 806 1804 Τρωικὸν
830 1723 859 1797 ἐς
882 1724 994 1784 πεδίον·

375 1825 409 1887 ὅν
432 1820 503 1886 ποθ’
520 1823 650 1906 Ὅμηρος
674 1825 732 1905 ἔφη
757 1829 887 1887 Δαναῶν
910 1827 993 1887 πύκα
1014 1825 1199 1906 θωρηκτάων

418 1938 589 2008 κοσμητῆρα
612 1930 706 2009 μάχης
729 1927 830 2008 ἔξοχον
854 1926 925 1990 ὄντα
948 1933 1057 2008 μολεῖν.

375 2030 469 2104 οὕτως
492 2027 582 2092 οὐδὲν
605 2027 699 2103 ἀεικὲς
724 2030 909 2109 Ἀθηναίοισι
931 2034 1088 2090 καλεῖσθαι

418 2137 577 2210 κοσμηταῖς
600 2130 731 2210 πολέμου
753 2126 774 2192 τ’
801 2129 880 2210 ἀμφὶ
901 2129 952 2191 καὶ
973 2129 1108 2210 ἠνορέης.

152 2234 201 2295 Ad
221 2249 340 2294 aevum
361 2234 534 2295 Soloneum
554 2235 717 2310 pertinent
736 2250 818 2308 quae
838 2233 1031 2294 Aristoteles
1051 2233 1181 2308 scripsit
1200 2232 1331 2293 Rhetor.
1352 2233 1422 2293 115

152 2339 306 2412 Ἀθηναῖοι
335 2329 453 2420 Ὁμήρῳ
485 2335 610 2414 μάρτυρι
641 2333 800 2415 ἐχρήσαντο
830 2331 898 2414 περὶ
927 2337 1108 2412 Σαλαμῖνος,
1139 2350 1270 2394 versum
1302 2336 1327 2392 Β
1359 2335 1424 2395 558

152 2439 319 2513 spectans;
345 2453 442 2511 quem
466 2453 598 2499 versum
621 2438 661 2498 ab
684 2438 754 2512 ipso
779 2436 894 2498 Solone
917 2437 1098 2497 intextum
1119 2436 1329 2497 Homericum
1350 2451 1424 2496 esse

151 2540 317 2600 invectum
345 2543 381 2600 ut
405 2540 602 2601 Salaminem
627 2540 769 2600 insulam
792 2540 971 2601 vindicaret
993 2538 1255 2613 Atheniensibus,
1279 2536 1424 2598 referunt

150 2642 345 2702 recentiores
378 2642 519 2716 quidam,
552 2642 608 2702 sed
640 2657 657 2702 e
681 2641 878 2703 comicorum
901 2641 980 2702 iocis
1003 2641 1086 2701 hanc
1108 2639 1253 2700 fabulam
1276 2639 1421 2715 iluxisse,

150 2745 236 2803 certe
260 2743 298 2803 de
323 2743 423 2803 nihilo
446 2741 555 2804 fictam
581 2757 664 2819 esse,
690 2743 771 2803 satis
794 2744 928 2818 apparet
947 2742 978 2813 ⁸).

194 2843 383 2918 Magnopere
415 2846 524 2904 autem
557 2844 714 2904 erraverit
744 2844 799 2917 qui
828 2845 922 2918 putet
951 2842 1117 2904 intellectu
1141 2841 1297 2903 facillima
1319 2842 1421 2902 fuisse

149 2946 294 3005 carmina
328 2945 418 3019 epica
452 2944 584 3006 Periclis
619 2944 818 3018 aequalibus.
853 2945 959 3005 Immo
994 2946 1072 3005 tuuc
1106 2958 1232 3017 quoque
1264 2942 1421 3018 temporis

148 3046 295 3106 studium
317 3047 403 3107 haud
426 3047 582 3121 exignum
605 3046 713 3121 pueris
737 3049 806 3106 erat
830 3046 1045 3107 adhibendum
1068 3047 1106 3105 ut
1128 3048 1215 3107 recte
1239 3046 1422 3120 acciperent

148 3161 230 3220 quae
265 3149 359 3209 vates
381 3149 503 3209 vetusti
526 3147 695 3208 dixissent.
728 3146 972 3222 Rhapsodorum
996 3143 1192 3225 ἠλιθιώτατον
1216 3144 1307 3218 ἔθνος
1329 3141 1362 3223 ⁴),
1386 3148 1419 3207 in

148 3247 289 3309 Homero
312 3249 475 3310 recitando
498 3249 601 3310 vitam
625 3250 811 3326 terentium,
835 3250 996 3326 poemata,
1020 3264 1103 3322 quae
1126 3249 1160 3309 in
1183 3264 1238 3309 ore
1258 3249 1420 3310 habebant

144 3562 223 3610 studii
249 3561 401 3609 documenta
423 3562 531 3622 praebet
553 3563 682 3621 Diogenes
704 3564 798 3622 Laert,
821 3562 903 3609 multa
925 3561 1079 3621 authologia
1096 3561 1204 3616 Graeca,
1221 3561 1373 3620 praesertim
1392 3560 1417 3606 in

144 3641 300 3689 carminibus
322 3641 450 3689 Palladae.
473 3641 601 3689 Santones
624 3642 790 3688 eversiculis
810 3642 955 3689 Homeriois
972 3641 1163 3688 consarcinatus
1181 3639 1350 3687 elaborabant
1367 3639 1418 3698 alil,

144 3721 195 3768 vid.
214 3735 235 3768 a.
253 3734 277 3780 g.
296 3721 398 3768 anthol.
416 3721 511 3768 Jacobs
527 3721 563 3768 1v
580 3734 605 3780 p.
625 3723 656 3768 99
675 3723 702 3767 et
720 3722 776 3768 116.

180 3796 199 3863 ¹)
217 3801 282 3847 Hine
308 3800 455 3847 Herodotus
481 3799 507 3846 11
533 3804 565 3849 53
591 3801 623 3848 de
648 3802 761 3849 Hesiodo
786 3806 865 3861 atque
889 3803 1000 3849 Homero
1023 3800 1088 3848 dixit
1111 3800 1245 3847 notissima
1268 3795 1313 3844 illa
1340 3797 1418 3845 verba

144 3876 208 3926 οὖτοὶ
232 3881 275 3925 τῖον
298 3883 320 3925 oi
341 3883 478 3937 ποιησαντος
500 3885 623 3940 &sororius
640 3880 734 3941 Ἕλλησι
764 3883 801 3928 καὶ
819 3889 878 3928 τοῖσι
896 3886 973 3927 Senior
992 3881 1033 3934 τὰς
1051 3882 1181 3937 δπωννμίας
1199 3878 1277 3931 δόντος
1296 3878 1334 3923 aul
1351 3880 1419 3935 τιμάς

144 3973 168 4004 τε
186 3960 223 4004 καὶ
241 3958 325 4018 silva:
343 3958 453 4012 distem:
478 3960 517 4005 καὶ
543 3960 604 4006 κάδεα
627 3962 704 4007 αὐτῶν
730 3964 875 4019 σημήναντος.
897 3961 969 4016 Quae
993 3958 1105 4005 absurda
1128 3960 1189 4005 sunt
1209 3957 1232 4003 si
1250 3957 1308 4016 quis
1327 3958 1418 4015 postu

144 4050 174 4083 ea
189 4037 274 4083 omnis
289 4037 321 4083 de
336 4050 383 4083 suo
397 4038 502 4086 fluxisse
516 4041 621 4095 statuat,
635 4040 769 4086 verissima
786 4040 808 4086 si
822 4040 859 4086 ita
872 4039 1072 4098 interpretemur
1088 4040 1118 4083 ut
1127 4040 1245 4097 posteros
1259 4049 1291 4083 ex
1304 4035 1418 4083 Hesiodo

144 4118 221 4175 atque
239 4116 350 4162 Homero
370 4129 436 4174 quas
452 4116 485 4163 de
502 4118 581 4165 rebus
598 4118 691 4165 divinis
709 4120 769 4166 soiri
788 4132 864 4178 posse
883 4118 1054 4165 credebantur
1072 4116 1193 4164 didicisse
1210 4117 1335 4163 dicamus.

177 4189 196 4255 ²)
217 4198 236 4241 Β
256 4196 303 4242 552
322 4207 392 4254 sqq.;
410 4195 462 4242 vid.
479 4197 573 4244 Herod
591 4197 639 4243 VII
650 4199 705 4244 161.
726 4199 825 4245 Similia
842 4198 989 4245 Herodotus
1006 4200 1093 4243 narrat
1106 4194 1155 4244 VII
1175 4198 1231 4252 148,
1248 4196 1269 4241 V
1287 4196 1328 4251 94,
1346 4195 1416 4243 alibi.

176 4270 197 4337 ³)
215 4273 271 4320 vid.
296 4287 362 4334 quae
385 4275 417 4321 ad
440 4288 531 4323 versus
556 4281 577 4323 B
601 4278 649 4324 olo
671 4290 727 4337 sqq.
751 4280 777 4324 et
802 4278 850 4324 5⁶7
867 4291 906 4336 sq.
926 4277 1119 4324 observavimus
1138 4279 1164 4323 et
1181 4289 1260 4336 supra
1278 4289 1336 4336 pag.
1354 4288 1415 4324 m.

143 4352 262 4400 Solonem
289 4353 322 4400 ad
347 4367 449 4401 versum
477 4368 559 4415 nuper
583 4368 598 4401 a
624 4369 652 4402 ee
679 4357 768 4403 fletum
794 4369 935 4417 provocare
961 4369 1011 4403 nou
1034 4356 1150 4416 potuisse
1174 4355 1259 4414 quivis
1277 4356 1368 4412 sentit;
1386 4369 1417 4403 ea

142 4432 246 4479 demum
270 4433 354 4480 valere
380 4435 500 4493 poterant
522 4434 555 4480 ad
577 4434 666 4481 hostes
689 4436 859 4482 confutandos
883 4449 948 4495 qnae
967 4449 1056 4482 omnes
1080 4435 1173 4483 Graeci
1195 4435 1221 4480 in
1240 4447 1287 4481 eno
1304 4435 1416 4482 Homero

141 4514 229 4559 extare
246 4511 349 4559 scirent.

173 4587 194 4655 ⁴)
212 4590 310 4638 nedem
327 4591 454 4638 adiectivo
471 4591 613 4652 Xenophon
632 4595 714 4642 utitur
731 4595 757 4640 in
775 4594 916 4642 Commeat.
933 4594 968 4640 1v
987 4596 1001 4641 ll
1020 4594 1034 4653 s
1053 4596 1092 4641 10.
