3120 5124
744 452 800 496 LIII

140 622 321 684 memoriter
357 626 467 686 tenere
501 627 649 687 solebant
683 641 765 699 quae
800 626 873 686 iude
908 641 928 685 a
961 627 1066 700 prima
1097 626 1235 700 pueritia
1268 626 1409 699 quotidie

140 724 233 784 oculis
253 727 452 800 auribusque
474 762 513 771 -
534 727 585 788 his
606 732 717 788 autem
738 729 930 802 praesertim
951 730 1221 802 -usurpassent
1241 727 1280 800 ¹);
1301 729 1410 800 itaque

140 826 283 886 credibile
315 830 367 887 est
397 829 476 888 nihil
507 829 628 889 insoliti
652 830 792 889 iactasse
816 830 1003 889 Niceratum
1028 831 1060 889 in
1085 829 1309 904 XenophontIs
1333 828 1408 889 Con·

140 927 220 987 rivio
250 928 298 987 III
329 928 348 997 ἓ
380 925 458 990 ὃεδ
481 930 577 1008 πατήρ
600 951 659 1008 μου
683 928 891 1009 ἐπιμελόμενος
915 929 994 1003 ὅπως
1019 928 1096 1010 ἀνὴρ
1119 928 1236 1011 ἀγαθὸς
1258 930 1411 1010 γενοίμην,

139 1024 283 1107 ἠνάγκασέ
306 1050 342 1107 με
364 1029 461 1089 πάντα
484 1029 520 1090 a&
538 1025 670 1110 Ὁμήρου
694 1031 750 1110 ἴση
774 1037 892 1110 μαθεῖν·
915 1031 966 1092 καλ
988 1041 1047 1092 νῦν
1070 1032 1220 1110 δυναίμην
1245 1028 1284 1091 διν
1298 1027 1410 1092 Ἰλιάδα

139 1129 206 1207 ὅλην
225 1128 277 1189 καὶ
291 1125 467 1191 Ὀδύσσειαν
487 1130 546 1192 ἀπὸ
566 1132 708 1210 στόματος
728 1133 952 1212 eiectansque
973 1136 1149 1209 ingenuum
1167 1136 1317 1195 iuvenem
1331 1135 1410 1195 talia

138 1233 322 1306 loquentem
341 1235 525 1295 induxisset
544 1237 732 1311 Xenophon,
754 1239 783 1297 si
804 1238 860 1297 vix
880 1239 1053 1311 quisquam
1072 1253 1114 1298 ex
1135 1238 1205 1298 eius
1222 1237 1409 1309 aequalibus

139 1336 296 1396 memoria
327 1337 413 1396 idem
446 1337 605 1398 valuisset
628 1333 663 1408 ²).
696 1339 880 1399 Domitiano
910 1342 1021 1399 autem
1054 1339 1247 1412 imperatore
1277 1337 1332 1410 qui
1355 1353 1411 1412 per

139 1438 210 1497 istri
240 1439 407 1511 regionem
437 1439 499 1499 iter
522 1440 598 1500 fecit
622 1440 679 1500 Dio
705 1439 956 1514 chrysostomus
981 1440 1120 1499 XXXVI
1143 1455 1172 1514 p.
1197 1440 1237 1499 78
1269 1440 1410 1498 testatur

139 1540 384 1613 Borysthenitas
412 1541 520 1601 Olbiae
552 1541 585 1600 in
609 1540 806 1601 Milesiorum
831 1539 954 1601 colonia
978 1541 1062 1600 inter
1086 1541 1255 1601 barbaram
1278 1542 1409 1612 gentem

138 1643 301 1719 degentes,
336 1645 424 1718 ipsos
458 1643 705 1720 semibarbaros,
738 1643 873 1703 iliadem
894 1647 916 1712 ³)
949 1642 1136 1702 memoriter
1166 1642 1311 1701 tenuisse
1343 1641 1409 1700 iere

140 1758 269 1805 omnes:
300 1741 390 1804 τᾶλλα
422 1741 519 1804 οὐκέτι
551 1753 654 1819 σαφῶς
685 1741 882 1821 ἑλληνίζοντες
914 1739 963 1803 διὰ
994 1741 1026 1802 τὸ
1059 1740 1091 1802 ἐν
1114 1740 1213 1819 μέσοις
1236 1741 1327 1802 οἰκεῖν
1349 1745 1409 1812 τοῖς

140 1845 300 1924 βαρβάροις
325 1844 403 1924 ὅμως
426 1845 480 1923 τήν
503 1867 535 1925 με
553 1841 665 1905 Ἰλιάδα
690 1841 790 1925 ὀλίγον
814 1844 921 1917 πάντες
941 1844 1040 1903 ἴσασιν
1059 1840 1118 1903 ἀπὸ
1139 1841 1288 1918 στόματος.
1308 1843 1408 1903 Deme

139 1947 218 2020 quod
250 1949 371 2007 oratori
403 1964 454 2008 res
485 1964 504 2008 a
535 1964 571 2008 se
601 1948 722 2008 relatas
751 1949 785 2008 in
817 1949 924 2008 maius
956 1946 1082 2008 ornanti
1110 1946 1218 2006 deberi
1241 1945 1408 2006 credibile:

140 2051 238 2108 restat
270 2051 381 2109 tamen
405 2050 631 2110 testimouium
655 2051 839 2110 memoratu
862 2049 1107 2123 dignissimum;
1132 2063 1210 2108 nam
1234 2048 1296 2106 nisi
1320 2046 1409 2106 culti-

140 2164 208 2209 ores
239 2152 327 2210 certe
358 2151 469 2212 Graeci
502 2151 589 2210 illius
616 2152 688 2210 aevi
712 2151 893 2211 Homerum
917 2152 954 2209 ut
977 2150 1095 2222 digitos
1118 2164 1196 2209 suos
1219 2152 1332 2208 notum
1357 2149 1408 2208 ha·

140 2252 294 2327 buissent,
315 2252 355 2312 de
377 2253 625 2326 longinquarum
646 2252 813 2325 regionum
834 2250 946 2312 incolis
969 2251 1128 2310 eiusmodi
1151 2251 1271 2323 aliquid
1290 2249 1410 2323 fingere

140 2367 176 2412 ne
199 2368 301 2413 ausus
324 2354 453 2426 quidem
479 2356 566 2414 esset
590 2355 657 2413 Dio.

180 2455 269 2530 Quae
299 2458 411 2515 autem
444 2457 556 2528 cuivis,
590 2455 645 2529 qui
668 2455 799 2528 quidem
823 2455 918 2528 paulo
943 2455 1108 2515 liberalius
1132 2455 1287 2515 educatus
1311 2455 1409 2528 esset,

141 2556 309 2616 notissima
343 2559 464 2634 essent,
499 2559 533 2617 in
568 2558 773 2618 concionibus
809 2558 843 2616 et
873 2557 905 2616 in
937 2556 1104 2630 colloquiis
1135 2556 1339 2630 quotidianis,
1373 2557 1411 2615 ut

141 2658 221 2717 inter
240 2661 351 2733 patres
371 2663 501 2721 nostros
521 2662 617 2721 verba
637 2661 768 2737 Biblica,
787 2660 924 2720 libenter
943 2658 1090 2720 solebant
1109 2658 1216 2718 afferri
1237 2657 1288 2718 vel
1309 2657 1410 2718 etiarn

140 2760 292 2821 imitando
317 2762 457 2836 exprimi
480 2763 624 2823 faceteve
648 2762 783 2836 traduci,
805 2760 1010 2833 multumque
1033 2760 1072 2819 ad
1094 2759 1262 2818 hominurn
1281 2759 1409 2818 animos

141 2861 353 2936 deleniendos,
374 2863 634 2937 commovendos,
656 2863 886 2937 pertrahendos
906 2861 1035 2921 valebat
1055 2861 1178 2920 dictum
1199 2860 1409 2920 Homericum

142 2964 209 3036 apte
239 2962 420 3024 laudatum.
453 2964 555 3039 Quam
587 2967 692 3024 artem
723 2978 819 3024 nemo
846 2963 1028 3035 elegantius
1051 2963 1196 3022 exercuit
1220 2977 1318 3035 quam
1342 2963 1408 3022 Ari·

142 3065 310 3138 stophanes
334 3065 479 3125 comicus
503 3065 554 3125 vel
579 3066 669 3125 Plato
693 3064 902 3138 philosophus
923 3057 955 3134 ⁹).

151 3241 332 3250 ————.-.

174 3343 192 3411 ¹)
208 3348 289 3394 Etiam
317 3347 495 3409 compluribus
521 3349 631 3395 saeculis
657 3354 717 3409 post
742 3352 774 3396 ab
800 3351 873 3410 epioe
897 3351 969 3409 poesi
996 3350 1097 3396 initium
1123 3349 1201 3395 flebat
1223 3350 1249 3395 in
1270 3362 1409 3409 puerorum

145 3424 293 3488 educatione,
312 3427 363 3474 vid.
382 3428 431 3474 Dio
450 3427 538 3487 Chrys.
555 3429 591 3474 XI
608 3442 633 3488 p.
652 3430 709 3476 808.
727 3430 870 3488 Vestigium
889 3430 984 3476 vetusti
1001 3430 1080 3475 morie
1097 3431 1200 3475 servant
1222 3428 1324 3474 tabulae
1346 3442 1410 3488 quae

146 3517 217 3564 nuper
224 3506 402 3553 Bibliothecae
408 3507 654 3566 Lngdnuobatavee
670 3508 737 3556 dono
752 3509 823 3555 dedit
836 3509 876 3554 vir
890 3509 998 3555 eximius
1012 3523 1060 3554 vau
1070 3507 1217 3555 aseendelfl
1232 3507 1264 3553 de
1280 3508 1408 3566 Coningh;

146 3596 195 3630 nam
220 3586 245 3631 ln
269 3585 322 3632 illis
348 3586 528 3647 pugillaribus,
554 3587 600 3647 qni
626 3587 678 3633 1110
701 3588 755 3635 iere
779 3600 804 3647 p.
827 3588 885 3634 Chr.
910 3588 1013 3634 saecule
1032 3591 1092 3634 suut
1109 3588 1207 3647 scripti,
1226 3590 1327 3647 praeter
1346 3588 1409 3632 ulios

146 3674 272 3720 puerorum
298 3665 495 3712 exercitationes
516 3666 611 3725 legitur
632 3680 723 3714 versus
743 3667 886 3714 Hesiodeus
904 3668 980 3727 Oper.
999 3669 1047 3714 347
1066 3681 1080 3713 a
1098 3668 1221 3726 magistro
1240 3667 1320 3713 nitide
1337 3680 1408 3724 mag-

147 3743 226 3802 nisque
243 3743 339 3790 litteris
356 3756 430 3790 cerae
447 3745 570 3805 Inritatus,
588 3758 665 3805 quem
683 3746 742 3792 etilo
760 3746 862 3793 rudiore
881 3747 996 3793 imitatus
1014 3749 1054 3792 est
1071 3746 1222 3806 discipulus.

173 3815 359 3884 ³)Bhupsodos
375 3822 444 3870 idem
462 3823 581 3870 calluisse
599 3824 695 3871 ibidem
714 3825 776 3871 dicit
790 3826 967 3872 Antisthenes:
989 3829 1059 3871 λκσῐνσ
1077 3826 1102 3871 et
1123 3825 1206 3884 λέληθέ
1226 3841 1258 3878 σε,
1277 3826 1311 3870 ὅτι
1331 3826 1369 3870 καὶ
1388 3829 1409 3871 ολ

146 3901 241 3963 hostat
258 3905 344 3954 πάντες
360 3905 496 3948 λπλσσαηοι
513 3909 586 3948 ταῦτα
604 3905 633 3948 τὰ
651 3905 707 3965 luen

173 3976 192 4043 ³)
208 3982 245 4028 De
271 3981 388 4038 Odysses
413 3995 463 4027 non
489 3982 610 4040 loquitur.
638 3984 747 4030 Omnino
770 3984 877 4030 Iliadem
902 3985 1005 4030 maioris
1028 3984 1150 4030 momenti
1172 3997 1248 4042 quam
1267 3982 1408 4040 odysseam

146 4059 240 4107 Graecia
261 4075 318 4108 esse
341 4062 423 4107 visam
446 4075 461 4107 e
482 4061 571 4108 multis
593 4061 694 4108 indiciis
712 4065 825 4122 apparet.
844 4062 963 4109 Socrates
980 4064 1006 4108 in
1025 4063 1148 4122 [Platon]
1167 4063 1245 4121 Hipp.
1264 4062 1324 4108 Min.
1345 4061 1408 4109 363δ

147 4141 156 4196 ιζ’
169 4140 232 4194 Ἰλιὰς
247 4145 341 4187 κάλλιον
359 4144 448 4200 πολεμου
466 4148 498 4202 τῷ
511 4140 600 4203 Ὁμήρῳ
619 4139 631 4199 ἢ
650 4143 662 4200 ἡ
677 4141 804 4194 Ὀδύσσειαν,
822 4144 924 4203 τοσούτῳ
943 4142 967 4187 di
986 4144 1077 4187 κάλλιον
1102 4143 1148 4204 δσῳ
1171 4144 1270 4198 ἀμείνων
1292 4143 1409 4201 Ἀχιλλεὺς

145 4216 264 4274 Ὀδυσσέας.

172 4295 190 4359 ⁴)
207 4300 319 4358 Dignum
337 4299 408 4359 quod
425 4299 451 4344 in
477 4299 641 4345 annotatione
665 4299 776 4358 exempli
793 4311 871 4345 eausa
888 4300 1009 4345 afferatur
1030 4301 1070 4345 eet
1086 4299 1221 4346 Stratonici
1239 4299 1345 4360 dietum,
1364 4303 1408 4360 qui

145 4389 195 4425 curn
218 4380 316 4427 melum
343 4378 473 4425 medicam
498 4390 556 4424 eum
581 4378 648 4424 malo
671 4379 823 4425 veterInario
846 4379 945 4425 videret
968 4379 1185 4433 confabulantem,
1207 4377 1307 4433 „nune”
1325 4380 1409 4439 Inquit

146 4457 217 4515 ,alter
233 4459 308 4506 alteri
330 4457 395 4504 dicit

341 4537 400 4582 ἀλλὰ
418 4539 448 4582 οὐ
466 4535 484 4594 μ’
505 4536 591 4600 ἄνδρας
608 4537 690 4599 δνυιρο,
706 4541 845 4595 μελήσουσιν
863 4538 886 4583 δ’
908 4539 956 4594 ἐμοὶ
975 4540 1041 4583 ἵπποι
1061 4535 1095 4599 (K
1112 4535 1197 4600 481).”

144 4613 187 4661 vid.
209 4616 407 4676 Gnomologium
431 4614 471 4662 ed.
494 4616 637 4662 Sternbacb
659 4613 695 4676 (in
719 4617 819 4663 Wiener
841 4617 948 4664 Studien
968 4616 1042 4678 1889)
1061 4628 1089 4663 u⁰
1109 4619 1164 4664 524.
1185 4649 1213 4656 -
1233 4619 1314 4665 Multa
1331 4620 1409 4667 huius
