3082 5100
133 406 151 475 ἕ
177 407 251 478 191]
738 410 802 468 439

135 597 283 655 veterum
314 596 614 671 grammaticorum,
639 611 738 669 quem
761 596 936 657 absurdum
962 612 1034 657 esse
1058 595 1167 669 Meyer
1188 594 1273 654 ultro
1297 608 1405 653 conce-

134 695 190 772 dit,
217 712 339 758 novum
364 697 528 759 lucremur
550 698 738 774 terminum,
762 712 860 772 quem
884 697 1130 773 probabiliorem
1153 710 1226 757 esse
1249 694 1404 769 perhibet,

131 812 196 857 non
218 797 342 873 probat.
1108 800 1112 807 ’

177 897 298 960 Deinde
328 914 405 960 vero
435 901 668 974 gravissimum
700 900 810 960 obstat
839 900 1090 962 incommodum.
1122 899 1207 958 Nam
1239 911 1353 958 verum
1376 897 1404 956 si

133 999 291 1060 divinavit
332 999 450 1077 Meyer,
493 1000 666 1062 nonnullae
703 1002 834 1074 quidem
869 1003 992 1063 formae
1028 1001 1219 1062 Homericae
1253 1001 1405 1074 poterunt

133 1101 287 1177 explicari
322 1105 355 1164 et
385 1103 523 1178 defendi,
553 1104 611 1165 sed
640 1103 787 1178 pluribus
817 1120 932 1179 parum
962 1104 1093 1180 prodest
1123 1103 1192 1164 eius
1221 1102 1403 1162 inventum.

133 1204 225 1264 Mitto
247 1219 333 1265 nunc
356 1204 479 1265 formas
501 1201 593 1288 ὁράᾳς
616 1202 691 1288 doda
715 1208 748 1267 et
770 1206 905 1283 similes,
930 1207 963 1266 in
986 1206 1102 1280 quibus
1121 1203 1402 1265 assimulationem

131 1307 289 1367 inversam
320 1306 406 1367 cerni
436 1306 593 1383 perhibet,
624 1322 700 1368 cum
730 1309 843 1368 tamen
873 1308 981 1382 potius
1011 1303 1103 1386 ὑρέεις
1133 1301 1208 1383 ὁρέει
1233 1307 1291 1364 aut
1314 1304 1401 1363 certe

133 1403 236 1485 ὁράαις
260 1404 347 1492 leder
369 1408 609 1483 expectaveris;
633 1410 691 1469 sed
714 1410 746 1469 id
769 1408 899 1482 quidem
922 1411 1046 1471 certum
1071 1410 1131 1483 est,
1155 1404 1401 1468 assimulatione

133 1523 175 1569 ex
208 1504 332 1587 ὁράουσι
363 1512 396 1571 et
422 1506 561 1588 ὁράονται
585 1526 752 1584 nunquam
775 1511 900 1585 prodire
923 1512 1068 1585 potuisse
1092 1510 1214 1570 formas
1238 1503 1345 1584 ὁρόωσι
1368 1508 1402 1567 et

132 1606 287 1688 ὁρόωνται,
319 1611 376 1672 sed
410 1607 531 1689 δρόουσι
565 1613 599 1672 et
632 1608 778 1689 ὁρόονται,
812 1627 916 1685 neque
950 1628 992 1673 ex
1025 1607 1156 1688 ὀράουσα
1188 1606 1314 1688 ὁρόωσα,
1343 1607 1401 1668 sed

131 1707 270 1789 ὁρόονσα.
302 1710 414 1788 Quivis
444 1713 504 1773 boc
534 1712 650 1773 statim
680 1712 780 1791 videt,
812 1729 915 1787 neque
945 1713 977 1773 ld
1008 1713 1091 1786 rugit
1121 1712 1303 1786 Meyerum;
1327 1725 1401 1782 qua-

130 1814 260 1889 propter
290 1812 492 1887 refingendas
524 1817 636 1876 censet
666 1815 788 1877 formas
815 1830 929 1876 omnes
951 1831 1033 1888 quae
1057 1812 1303 1895 assimulatione
1325 1809 1402 1870 oriri

131 1929 195 1975 non
217 1916 400 1992 potuerunt,
425 1917 526 1990 utque
549 1911 687 1995 ὁρόονται
710 1920 742 1978 et
765 1913 895 1995 lodoveo
919 1917 951 1976 in
975 1918 1070 1977 textu
1095 1913 1267 1976 Homerico
1286 1912 1402 1972 scriba·

133 2031 207 2076 mua
229 2017 322 2077 nobis
345 2020 457 2079 auctor
480 2019 540 2080 est.

175 2115 353 2179 Videamus
383 2123 495 2180 tamen
528 2121 604 2194 quid
635 2120 682 2179 sic
711 2117 779 2180 ilat.
812 2118 990 2194 Explicatio
1021 2117 1087 2195 illa,
1119 2133 1201 2191 quae
1228 2116 1322 2177 modo
1346 2131 1403 2191 spe

132 2221 257 2281 erectos
283 2221 415 2282 tenebat
435 2221 503 2282 fore
526 2223 565 2282 ut
588 2221 658 2282 eius
682 2235 740 2295 ope
764 2221 933 2296 perspicua
955 2219 1070 2282 flerent
1094 2234 1176 2294 quae
1199 2222 1295 2279 antea
1317 2217 1402 2278 vide·

132 2322 250 2383 bantur
280 2322 429 2397 absurda,
453 2324 493 2383 ad
517 2321 726 2397 explicandas
747 2323 869 2383 formas
892 2337 1030 2396 quarum
1053 2322 1248 2396 ingratiam
1270 2322 1404 2382 inventa

134 2426 185 2485 est
218 2439 334 2499 pamm
366 2423 460 2500 valet,
494 2428 527 2484 et
558 2427 629 2485 tum
661 2424 794 2485 demum
824 2439 883 2484 nos
914 2425 1026 2485 iuvare
1058 2423 1175 2499 poterit
1209 2439 1285 2484 cum
1315 2424 1404 2499 ipsas

132 2526 207 2586 illas
231 2526 353 2587 formas
376 2526 416 2586 ad
439 2528 590 2588 nostrum
613 2527 783 2588 arbitrium
806 2526 1054 2586 mutaverimus.
1079 2526 1188 2585 Novus
1209 2539 1311 2585 canon
1334 2525 1403 2585 tali·

132 2628 193 2689 bus
216 2628 348 2689 demum
372 2630 538 2690 vocabulis
556 2631 675 2705 poterit
694 2629 846 2704 applicari
866 2643 948 2701 quae
968 2629 1008 2688 ad
1029 2628 1135 2702 ipsam
1154 2628 1237 2688 hanc
1257 2627 1403 2701 regulam

133 2730 222 2804 prius
251 2728 372 2792 luerint
400 2732 523 2792 directa
546 2733 579 2792 et
601 2731 759 2792 dedolata.
782 2730 867 2790 Nam
889 2744 1052 2804 nusquam
1076 2731 1168 2791 extat
1190 2725 1327 2807 dpdovwr
1352 2729 1403 2789 vel

133 2825 273 2907 lodoveo,
305 2846 347 2892 ne
380 2831 412 2891 in
443 2832 614 2893 Homerico
650 2831 780 2904 quidem
814 2832 908 2891 textu
940 2833 1160 2892 monstrorum
1191 2830 1402 2891 feracissimo.

134 2931 247 3004 Itaque
265 2931 432 2993 fatendum
456 2936 506 2994 est
525 2949 582 3009 per
603 2949 722 3008 gyrum
745 2933 906 3005 quendam
926 2948 986 2993 nos
1006 2933 1190 3009 circumagi,
1210 2932 1273 2993 lide
1293 2933 1404 2993 autem

134 3033 230 3106 atque
272 3035 465 3095 auctoritate
502 3037 633 3096 omnino
671 3049 779 3095 carere
822 3034 944 3095 formas
988 3050 1069 3107 quae
1103 3036 1194 3096 nobis
1228 3035 1406 3096 offerantur

133 3136 290 3209 tanquam
312 3136 503 3197 Homericae
529 3139 562 3198 et
581 3137 669 3212 epico
690 3152 839 3197 sermone
864 3137 957 3196 unice
980 3136 1105 3209 dignae.

178 3235 375 3313 Quapropter
399 3239 493 3297 vetus
516 3239 805 3312 grammaticorum
828 3238 984 3314 doctrina,
1009 3253 1091 3310 quae
1112 3241 1163 3299 est
1181 3239 1220 3299 de
1239 3239 1405 3299 vocabulis

132 3354 190 3413 per
221 3335 426 3398 διέκτασιν
457 3338 603 3416 divulsis,
635 3339 728 3413 longe
759 3341 810 3399 est
839 3339 1048 3413 praeferenda
1078 3353 1162 3400 novo
1190 3341 1246 3400 isti
1274 3341 1312 3400 de
1344 3340 1405 3400 Ho-

133 3440 254 3501 merica
288 3441 535 3503 assimulatione
569 3443 697 3517 placito.
735 3442 822 3503 Nam
855 3443 883 3502 ai
912 3443 1059 3503 ababuc
1089 3445 1129 3502 eet
1160 3442 1218 3516 len,
1249 3443 1407 3516 regnandi

132 3543 237 3616 pratia
258 3543 404 3604 uiolando
426 3548 486 3614 eat;
508 3546 541 3605 et
563 3545 674 3619 regula
693 3545 757 3605 ista
777 3545 996 3606 Alexandrina
1015 3559 1114 3604 sanae
1135 3543 1265 3617 quidem
1284 3544 1405 3603 mentis

132 3646 303 3718 praecepta
327 3644 439 3720 violat,
464 3646 521 3705 sed
540 3646 587 3706 ita
611 3647 696 3707 certe
719 3649 835 3720 regnat
857 3648 894 3705 ut
917 3647 1033 3706 cuncta
1056 3660 1138 3718 quae
1158 3644 1220 3704 huo
1239 3644 1406 3704 referenda

132 3746 210 3805 aunt
229 3745 328 3806 rerba
348 3749 442 3821 cogat
466 3748 499 3806 in
520 3762 615 3807 suam
636 3749 801 3823 ditionem,
826 3763 866 3807 ne
887 3761 951 3806 uno
971 3746 1101 3819 quidem
1112 3747 1257 3819 excepto.
1270 3746 1405 3820 Aptissi-

133 3861 225 3907 mum
248 3846 389 3922 proiecto
412 3850 463 3907 eet
486 3848 678 3909 distrahendi
700 3849 778 3910 illud
805 3849 939 3909 verbum
964 3849 1002 3908 ad
1026 3845 1225 3921 depingenda
1243 3849 1406 3908 tormenta

132 3947 250 4022 quibua
280 3948 439 4021 genuinae
468 3948 592 4012 formae
623 3954 701 4012 sunt
731 3952 888 4012 distortae
920 3953 963 4026 et,
996 3949 1097 4010 veluti
1120 3949 1206 4009 servi
1228 3950 1262 4008 in
1286 3949 1405 4026 eculeo,

136 4049 315 4124 ,longiores
346 4053 424 4110 sunt
453 4051 597 4127 factae”;
630 4054 714 4126 quod
745 4055 857 4113 autem
888 4051 1044 4127 maculas,
1078 4066 1097 4110 a
1124 4052 1311 4125 posterioris
1333 4052 1407 4112 aevi

132 4151 317 4211 hominibus
346 4151 454 4212 divino
485 4155 572 4228 operi
603 4155 784 4231 adspersas,
817 4154 896 4228 ipsis
928 4154 1031 4229 poetis
1055 4153 1257 4228 imputarunt
1279 4156 1407 4214 veteres

132 4253 339 4327 grammatici
370 4256 403 4313 et
433 4255 614 4316 imitatione
646 4256 759 4330 dignas
787 4255 937 4331 habuere,
966 4254 1072 4329 ,diese
1097 4254 1316 4328 Anscbauung
1339 4270 1407 4315 war

136 4368 215 4429 ,nur
238 4353 272 4413 in
290 4353 387 4427 Folge
406 4354 462 4414 des
482 4356 530 4415 oft
548 4357 735 4417 erwabnten
757 4357 919 4417 Irrthums
937 4355 1089 4431 moglicb,
1110 4355 1186 4415 dass
1206 4355 1257 4416 die
1276 4355 1408 4415 Dichter

137 4455 254 4530 ,metri
283 4470 382 4515 causa
412 4456 474 4516 alle
505 4457 686 4529 moglicben
721 4457 1121 4532 Prokrustesoperationen
1151 4457 1221 4518 sich
1250 4458 1408 4531 gestattet

137 4556 301 4633 „hatten”
326 4558 363 4616 ut
384 4559 458 4617 utar
483 4558 591 4618 verbis
614 4573 697 4630 quae
720 4558 860 4634 Curtiue,
884 4559 923 4618 de
943 4559 1139 4619 subiunctivi
1159 4558 1272 4619 formis
1292 4557 1407 4619 Home·
