3120 5124
139 418 153 486 ἐ
169 417 209 489 40]
705 421 763 479 131

140 596 170 674 (el
184 607 299 682 φρονεῖν)
322 605 492 665 cohaerere
512 604 710 681 credebatur,
732 607 884 679 quoniam
909 606 1024 682 ,nuova
1046 606 1082 665 ιὰ
1102 609 1252 668 σπουδαῖα
1264 609 1370 679 νυκτὸς

141 710 221 780 μᾶλλον
247 703 459 785 ἐξευρίσκεται”
491 705 714 779 (Epicharmus
744 709 828 781 apud
852 707 1029 767 cornutum
1053 710 1092 770 de
1116 712 1182 770 nat.
1207 712 1292 771 deor.
1320 712 1370 785 14,

140 807 218 881 Epicb.
245 809 379 869 Lorentz
410 822 439 882 p.
467 809 552 876 259).
576 807 646 867 Hac
672 808 844 882 Sophocles
868 824 993 882 quoque
1017 810 1129 886 utitur,
1154 812 1237 885 apud
1261 812 1371 871 Pinda-

141 924 192 967 rum
215 912 318 968 autem
350 910 384 968 et
410 908 609 981 Aeschylum
640 910 673 969 et
704 910 889 985 Euripidem
920 926 995 971 cum
1020 907 1118 989 ὄρφνη
1142 916 1214 973 tum
1238 912 1372 991 εὐφρόνη

141 1011 272 1085 reperitur,
294 1011 355 1071 boc
379 1011 491 1070 tamen
515 1010 726 1083 frequentius.

472 1246 536 1302 111.
560 1248 609 1302 De
631 1247 752 1303 littera
774 1249 950 1316 digamma
972 1248 1006 1315 ¹).

174 1432 255 1516 ΗΟ.
286 1443 346 1518 Qui
378 1443 471 1504 hodie
501 1445 570 1504 sive
601 1460 680 1518 puer
711 1445 907 1504 breviarium
938 1446 1065 1517 aliquod
1094 1444 1242 1503 dictionis
1266 1444 1374 1516 epicae

143 1538 226 1600 ediscit
245 1544 313 1604 sive
337 1545 370 1604 in
395 1544 539 1606 doctrina
562 1547 727 1619 aliquanto
751 1548 929 1620 provectior
953 1548 1092 1619 accingit
1115 1562 1150 1604 se
1171 1547 1211 1605 ad
1230 1546 1375 1604 carmina

143 1643 243 1714 antiqua
271 1647 303 1705 et
333 1646 435 1719 ipsius
466 1646 594 1719 linguae
626 1647 766 1707 Graecae
798 1649 972 1722 primordia
996 1647 1229 1721 investiganda,
1255 1645 1375 1718 fingere

144 1741 186 1800 albi
209 1746 256 1804 vix
285 1751 395 1820 potest
425 1748 525 1807 fuisse
558 1750 689 1822 tempus
715 1764 777 1821 quo
802 1750 950 1808 homines
973 1748 1092 1808 Graece
1116 1748 1236 1807 scirent
1259 1747 1374 1806 Home·

144 1857 246 1918 rumque
274 1851 311 1909 ut
342 1850 460 1922 digitos
483 1865 561 1910 suos
583 1853 727 1924 nossent,
751 1865 810 1910 nec
834 1853 943 1909 tamen
968 1852 1210 1923 suspicarentur
1232 1849 1375 1921 aliquam

145 1944 192 2004 rin
214 1949 241 2007 in
273 1951 343 2009 eius
373 1951 483 2024 lingua
514 1966 586 2010 esse
617 1951 744 2010 litterae
770 1966 843 2010 vau.
869 1951 998 2011 Scilicet
1020 1966 1083 2010 non
1108 1951 1297 2010 cernebatur
1320 1951 1376 2009 illa

145 2042 223 2107 littera
249 2051 279 2109 in
312 2053 405 2111 textu
436 2052 616 2127 Homerico,
642 2054 674 2111 et
698 2053 829 2125 segnius
853 2053 981 2112 irritant
1004 2053 1131 2112 animos
1155 2052 1298 2111 demissa
1321 2066 1377 2124 per

144 2159 213 2209 aures
236 2167 332 2224 quam
363 2168 446 2225 quae
477 2155 553 2213 sunt
583 2154 685 2214 oculis
715 2154 869 2214 subiecta.
902 2155 963 2214 Per
994 2155 1055 2213 duo
1088 2154 1192 2212 millia
1219 2168 1377 2212 annorum

144 2248 172 2306 ad
197 2253 357 2314 minimum
391 2254 475 2314 lecta
506 2257 583 2314 sunt
613 2256 758 2315 carmina
786 2257 884 2331 epica,
918 2257 1053 2316 recitata
1086 2257 1172 2329 sunt,
1201 2255 1377 2314 memoriae

144 2347 222 2429 bina,
250 2355 375 2416 infinita
405 2372 482 2416 cura
512 2359 545 2416 et
575 2357 719 2417 doctrina
745 2357 906 2430 explicata
931 2391 970 2400 -
996 2359 1163 2417 ettamen
1187 2371 1283 2416 nemo
1308 2358 1379 2414 erat

144 2448 321 2517 Menandrico
353 2457 405 2517 vel
436 2457 559 2518 Romae
590 2458 673 2517 inter
700 2459 749 2517 tot
771 2458 1060 2530 grammaticorum
1086 2458 1293 2531 prudentium
1319 2457 1376 2516 fer-

145 2555 300 2617 ventissima
334 2560 442 2619 studia
472 2555 505 2634 ²),
549 2574 645 2619 nemo
679 2562 752 2633 post
787 2562 917 2618 renatas
952 2559 1079 2618 litteras
1112 2562 1182 2619 erat
1216 2560 1248 2617 in
1284 2558 1378 2618 turba

146 2650 253 2716 iberum
275 2660 441 2732 sagacium
464 2675 520 2734 per
542 2662 646 2720 totam
670 2661 831 2734 Europam
845 2660 1083 2733 exemplaribus
1103 2658 1232 2719 Graecis
1257 2659 1376 2718 incum-

144 2749 264 2833 bentium,
295 2761 350 2832 qui
379 2761 581 2835 intellegeret
611 2763 756 2822 carmina
786 2762 842 2820 illa
873 2749 1055 2836 Homerica,
1085 2777 1166 2835 quae
1191 2762 1242 2834 pio
1268 2776 1377 2819 amore

144 2853 257 2919 colebant
286 2864 320 2922 et
350 2862 601 2939 demirabentur,
638 2864 721 2923 horti
754 2864 842 2922 illius
872 2863 1036 2935 Tarquinii
1069 2864 1186 2922 referre
1219 2863 1377 2937 speciem:

145 2966 189 3013 non
215 2960 349 3035 integros
382 2965 416 3022 et
449 2964 590 3024 illibatos
623 2979 792 3038 superesse
827 2964 921 3023 flores
958 2966 1106 3023 vetustae
1141 2980 1284 3039 poeseos,
1324 2965 1378 3023 sed

145 3061 255 3124 luecisa
283 3079 356 3123 esse
386 3064 565 3124 multorum
594 3066 709 3140 capita,
745 3065 857 3124 fractis
888 3065 1034 3123 caulibus
1065 3068 1244 3139 prostratos
1277 3067 1380 3124 iacere

145 3153 211 3235 alos,
234 3166 389 3236 quosdam
420 3166 575 3226 radicitus
605 3182 677 3226 esse
709 3168 896 3241 extirpatos.
932 3167 1109 3226 Credebant
1133 3168 1303 3240 aliquando
1330 3167 1379 3226 ho·

146 3257 222 3321 mines
247 3268 386 3342 poetam,
418 3281 481 3327 uon
512 3283 679 3327 summum
708 3269 846 3327 dicimus
877 3269 933 3327 sed
959 3268 1215 3341 qualemcunque
1240 3271 1379 3341 poetam,
1474 3295 1477 3300 ·

148 3427 331 3448 κ

169 3542 182 3608 ¹]
196 3551 254 3606 Quae
270 3556 295 3601 in
314 3556 363 3602 hac
382 3557 396 3615 ς
413 3557 533 3615 leguntur
548 3571 579 3603 ex
594 3558 750 3616 Mnemosyn.
763 3560 825 3604 1891
843 3572 867 3617 p.
879 3561 891 3604 1
903 3571 959 3617 sqq.
977 3559 1085 3617 repetita
1101 3563 1169 3609 sunt,
1184 3559 1272 3617 paucis
1288 3558 1382 3604 additis

144 3623 349 3682 ebenauuncuiis.

168 3701 342 3772 ¹)Q¹1⁸1uquam
369 3727 384 3760 a
408 3727 469 3761 vcro
494 3717 609 3775 proxime
635 3717 725 3764 aberat
750 3717 888 3775 Dionysius
915 3718 995 3763 Halic.
1021 3717 1091 3776 120,
1119 3719 1192 3762 cuius
1215 3718 1292 3762 verba
1319 3717 1382 3762 hoec

144 3787 243 3837 milia...
259 3795 288 3839 ul
307 3793 382 3839 acub
400 3795 478 3854 liniq,
495 3793 510 3840 ἃ
528 3803 569 3841 νῦν
586 3797 646 3841 κατὰ
663 3797 703 3842 τὸν
720 3799 820 3860 ἀρχαῖον
838 3805 876 3855 τῆς
895 3798 1014 3842 διαλέκτου
1035 3797 1121 3859 τρόπον
1142 3800 1223 3841 (idolio
1242 3800 1385 3849 ὀνομάζεται.

145 3866 219 3922 urnii,-
239 3874 281 3936 γὰρ
308 3869 334 3931 ἦν
359 3881 406 3926 τοῖς
431 3875 538 3936 ἀρχαίοις
556 3873 667 3932 Ἕλλησιν
689 3878 718 3928 ὡς
736 3877 764 3921 τὰ
791 3877 864 3921 nolui
881 3877 1019 3940 προτιθέναι
1039 3885 1083 3920 τῶν
1102 3877 1228 3933 ὀνομάτων,
1247 3876 1339 3918 ὁπόσων
1360 3879 1384 3919 ni

144 3942 196 4003 ἁρχαὶ
209 3952 250 3998 ἀπὸ
267 3954 401 4015 φωνηέντων
420 3957 528 4011 lybano,
546 3955 587 4013 τὴν
604 3949 632 4001 ὦ
650 3953 766 4015 συλλαβὴν
784 3957 815 3998 ἑοὶ
834 3959 942 4016 στοιχείῳ
961 3954 1115 4016 γραφομένην.
1135 3961 1202 3998 τοῦτο
1220 3954 1244 3997 δὲ
1264 3949 1289 4010 ἦν
1307 3955 1383 4015 ὥσπερ

145 4025 203 4081 iim
217 4031 297 4087 διτταῖς
314 4035 351 4079 inl
368 4037 426 4090 μίαν
443 4033 519 4093 ὀρθὴν
537 4037 723 4092 ἐπιζευγνύμενον
740 4043 789 4087 ταῖς
806 4038 917 4091 πλαγίοις,
935 4037 964 4085 ιῖις
981 4029 1066 4092 felin,
1085 4035 1121 4079 καὶ
1146 4027 1226 4083 fuera}
1247 4034 1282 4076 καὶ
1301 4025 1385 4084 hoec

145 4103 171 4146 ἀἱ
183 4095 236 4172 fulc
253 4107 279 4175 (l.
297 4125 318 4157 a
335 4105 427 4175 favqp)
446 4114 483 4157 nul
501 4114 575 4158 πολλὰ
592 4119 694 4159 τοιαῦτα.
705 4137 736 4144 —-
747 4112 777 4157 In
796 4113 843 4157 hcc
861 4114 987 4157 sententia
1005 4125 1051 4170 pro
1073 4112 1164 4170 priscis
1180 4111 1283 4156 Graecis
1301 4110 1384 4155 scribo

145 4177 263 4243 Homerum,
280 4193 306 4237 et
323 4203 354 4236 ex
372 4191 493 4249 Dionysio
511 4191 541 4236 fit
558 4191 705 4237 Bentleiucl

168 4261 266 4315 Getarum
295 4270 352 4316 voci
379 4263 447 4333 ,Ραήρ
470 4270 512 4315 vel
530 4264 610 4334 favrjp
630 4270 760 4329 digamma
786 4283 835 4315 non
858 4274 927 4316 recte
954 4270 1087 4322 tribunum
1112 4269 1160 4313 nisi
1185 4269 1287 4326 egregio
1311 4269 1386 4313 fallor

144 4335 252 4402 Dionysius
273 4350 412 4408 scripserat
429 4347 555 4408 i’Arnrv,
580 4352 654 4395 cuiue
671 4347 789 4396 vocabuli
807 4350 986 4408 nominativus,
1005 4362 1019 4392 a
1036 4348 1210 4405 grammaticis
1232 4361 1385 4392 commemo-

145 4422 201 4477 ῐῑῒῦῦ,
216 4440 277 4474 nunc
294 4428 402 4475 totidem
419 4428 513 4475 litteris
531 4432 650 4475 exaratus
667 4429 693 4474 in
711 4429 889 4487 antiquissima
905 4428 1070 4485 inscriptione
1086 4428 1198 4484 Gortyne
1214 4430 1253 4471 est
1269 4431 1386 4486 ropertus

145 4493 189 4555 (vid
209 4506 310 4555 Roberta
332 4509 482 4568 Epigraphy
507 4522 532 4568 p.
559 4511 590 4555 40
617 4511 643 4555 et
667 4505 735 4571 827),
761 4511 787 4555 et
813 4510 867 4555 eine
893 4503 915 4555 f
942 4510 967 4554 in
992 4508 1157 4565 inscriptione
1180 4507 1264 4551 Attica
1289 4506 1386 4551 saeculi

145 4575 165 4618 Π
179 4581 260 4648 [Ἤρης]
276 4588 334 4651 ἀρὴν
350 4587 450 4650 κριτό[;]
470 4588 531 4633 (ΗΑ.
550 4589 561 4633 l
580 4590 636 4648 4,22
656 4589 837 4646 (Meiaterhans
854 4589 897 4634 Gr.
916 4588 940 4633 d.
959 4590 1003 4632 att.
1022 4582 1131 4632 lrrschr.²
1148 4590 1198 4631 bot.
1220 4581 1303 4648 1023).
