3120 5124
1427 44 1434 199 ί

1427 202 1434 295 r

752 392 816 452 304
1293 388 1318 460 [ὅ
1337 391 1379 449 lli

192 578 323 640 Certum
354 581 406 641 est
434 579 510 640 ferri
541 594 603 641 non
636 595 732 654 posse
755 578 903 640 vocalem
925 578 1058 639 brevem
1081 578 1114 636 in
1137 574 1380 637 subiunctivisad
1431 626 1434 633 .

146 679 319 741 flexionem
352 681 564 742 thematicam
599 681 842 757 pertinentibus,
874 681 1066 755 quapropter
1097 678 1220 739 dudum
1254 677 1344 739 notati
1358 678 1382 738 et
1431 680 1434 755 t

146 781 351 855 probabiliter
374 783 507 843 correcti
529 784 607 843 sunt
628 782 690 843 loci
713 784 903 856 sequentes:

191 886 220 941 A
243 886 286 945 66
310 899 358 958 sq.
383 883 419 942 αἴ
436 905 488 944 κεν
561 879 565 960 ί
587 884 723 962 βούλεται
746 882 887 956 ἀντιάσας
909 878 982 960 ἡμῖν
1005 878 1064 943 ἀπὸ
1088 878 1191 961 λοιγὸν
1218 875 1331 957 ἀμύναι,
1345 876 1384 939 ubi
1431 874 1434 935 ἱ

146 985 179 1044 Ρ.
211 984 335 1059 Knight
365 987 505 1046 correxit
533 980 662 1064 βούλητ’,
692 987 772 1048 item
804 986 932 1047 Curtius
963 983 1106 1046 Verbum
1137 977 1182 1043 11¹
1214 997 1245 1058 p.
1270 981 1317 1058 ri,
1344 976 1386 1040 sal

144 1086 276 1160 gravius
299 1087 433 1147 subesse
457 1088 574 1147 vitium
597 1089 690 1149 docet
712 1088 886 1163 spondaica
907 1085 1105 1162 pronominis
1138 1083 1244 1144 forma
1266 1077 1331 1160 ἡμῖν
1349 1077 1388 1151 (cl.

145 1187 251 1263 592),
287 1189 480 1262 quapropter
513 1189 740 1264 rescripsimus
776 1185 939 1260 ’ἀντιάσας
969 1177 1040 1264 ἧμιν
1070 1177 1187 1264 βούλομ’
1220 1181 1280 1245 ἀπὸ
1310 1176 1392 1262 λοιγὸν

147 1285 269 1366 ἀμύναι.

192 1392 233 1449 Μ
253 1392 293 1450 41
318 1406 366 1463 sq.
391 1387 430 1462 ὧς
454 1384 481 1450 δ’
508 1385 545 1451 ὅτ’
571 1385 610 1449 διν
633 1388 664 1451 ἕν
687 1411 717 1451 τε
736 1391 920 1453 κύνεσσι....
934 1386 1096 1469 στρέφεται,
1113 1388 1168 1449 ubi
1189 1386 1297 1448 Monl'o
1313 1385 1402 1447 Hom·

147 1488 305 1552 Gramm²
338 1492 356 1561 5
387 1492 428 1551 82
461 1491 531 1554 coll.
568 1494 596 1550 Y
621 1495 662 1554 67
693 1493 837 1554 restituit
861 1494 974 1567 poetae
997 1491 1096 1551 verba
1121 1484 1161 1561 ὡς
1186 1482 1218 1548 δ’
1244 1482 1280 1548 ol
1305 1485 1406 1548 ἔναντι

144 1592 331 1653 κύνεσσι....
366 1589 528 1671 στρέφεται,
557 1609 620 1668 qua
651 1595 845 1655 correctione
878 1593 1006 1667 egregie
1032 1589 1132 1650 simul
1155 1590 1296 1651 removit
1315 1580 1409 1664 parfi-

146 1693 254 1754 culam
279 1694 332 1754 vix
355 1694 562 1755 Homericam
585 1691 623 1753 ύν
646 1711 703 1771 pro
726 1716 777 1755 κεν
800 1696 874 1766 (vid.
899 1695 917 1764 5
941 1694 1028 1764 326).

191 1793 219 1859 Ξ
226 1795 290 1855 484
313 1804 352 1877 τῷ
376 1794 428 1854 καί
448 1791 481 1854 κί
501 1818 544 1867 τις
567 1792 679 1874 εὔχεται
702 1793 789 1874 ἀνήρ,
811 1797 913 1857 immo
936 1804 975 1878 τῷ
999 1792 1052 1854 καί
1070 1789 1159 1865 τέτις
1181 1794 1220 1853 ut
1239 1795 1290 1853 est
1310 1792 1342 1852 ill
1371 1800 1413 1847 cll

146 1897 269 1956 dicibus
292 1896 384 1956 Vind.
407 1898 440 1958 et
462 1896 563 1973 litat,
587 1898 657 1959 sive
680 1899 763 1972 quod
787 1897 914 1958 mavult
936 1896 1045 1957 lionro
1067 1903 1106 1978 τῷ
1129 1892 1183 1953 καί
1203 1891 1247 1967 τίς
1271 1886 1303 1953 δ.

190 1997 208 2056 δ
240 2000 303 2058 672
327 1994 366 2069 ὡς
389 1993 427 2056 ἂν
451 2002 522 2070 (κεν)
546 1997 745 2079 ἐπισμυγερῶς
775 1998 967 2076 ναυτίλλεται,
995 1999 1097 2059 immo
1128 1995 1295 2056 ναυτίλεσαι
1322 1999 1410 2067 (aot,

146 2099 208 2159 vid.
244 2099 347 2175 infra),
383 2114 480 2172 quam
517 2100 688 2162 lectionem
721 2116 739 2162 e
773 2101 957 2162 coniectura
991 2098 1135 2160 restituit
1167 2098 1197 2159 J.
1231 2098 1342 2173 Paeon,
1379 2090 1409 2151 lle

147 2203 254 2260 vetere
289 2200 484 2260 coniunctivi
518 2200 630 2262 Graeci
664 2202 866 2278 formatione,
900 2201 983 2262 1861
1016 2201 1091 2272 (vid.
1117 2199 1247 2261 Ourtius
1271 2199 1403 2261 Verbum

145 2297 190 2360 ll²
213 2317 242 2376 p.
268 2301 331 2377 88),
356 2302 469 2362 deinde
491 2301 524 2361 in
547 2303 669 2376 optimo
692 2303 800 2365 codice
822 2303 846 2363 F
870 2302 1009 2378 repperit
1032 2301 1195 2362 Ludwich.

191 2405 218 2460 il
249 2403 315 2463 360
347 2417 417 2476 sqq.
450 2398 490 2473 ὡς
524 2396 554 2460 δ’
588 2400 634 2462 ὅτε
665 2402 879 2482 καρχαρόδοντε
911 2401 974 2463 δύω
997 2401 1080 2480 κύνε,
1100 2401 1218 2463 ίειδότε
1240 2390 1368 2482 θήρης)
1380 2388 1401 2470 ἦ

146 2498 253 2582 κεμάδ’
290 2500 324 2582 ι’γὲ
358 2502 474 2582 λαγωὸν
508 2500 655 2584 ἐπείγετον
689 2500 809 2582 ἐμμενὲς
844 2502 902 2564 αἰεί
922 2497 926 2576 Ι
946 2513 1043 2583 χῶρον
1077 2496 1121 2562 ἀν’
1158 2500 1296 2581 ὑλήεντα,
1326 2496 1343 2562 δ
1369 2485 1401 2557 dl

145 2602 293 2688 προθέῃσι
316 2603 462 2682 μεμηκώς,
484 2605 531 2664 sic
554 2608 620 2682 Ar„
652 2608 709 2668 sed
732 2608 856 2668 codices
889 2600 1023 2683 ὑλήενθ’,
1044 2599 1062 2665 δ
1086 2601 1119 2665 δέ
1140 2626 1180 2683 τε,
1202 2621 1245 2666 ex
1267 2620 1330 2679 qua
1348 2603 1397 2664 lec·

144 2708 241 2768 tionis
264 2708 422 2768 varietate
446 2707 551 2767 Paech
574 2708 696 2782 optimo
719 2708 787 2769 iure
807 2708 914 2768 effecit
932 2709 1047 2783 poetae
1067 2707 1167 2768 verba
1186 2722 1261 2768 esse
1280 2703 1400 2783 ύλήενα,

145 2807 161 2867 ὅ
193 2829 222 2868 τε
256 2805 413 2892 προθέῃσι,
447 2809 620 2870 relativum
652 2810 750 2884 igitur
781 2826 853 2871 esse
884 2824 1060 2884 pronomen
1091 2806 1165 2870 det
1194 2822 1318 2870 novum
1338 2806 1398 2868 inde

144 2911 351 2971 enunciatum
372 2910 478 2984 ordiri,
501 2926 605 2984 neque
627 2911 801 2984 quicquam
824 2911 952 2971 obstare
977 2910 1149 2983 quominus
1169 2906 1317 2989 ἐπείγετον
1337 2907 1401 2969 iudi·

144 3013 242 3072 cativi
265 3013 405 3073 formam
429 3028 501 3073 esse
524 3013 688 3087 dicamus;
713 3012 752 3072 cf.
777 3012 811 3070 N
833 3013 875 3072 64
896 3013 964 3090 etp
984 3012 1059 3088 519,
1080 3012 1134 3072 ubi
1154 3012 1270 3073 eadem
1291 3010 1405 3071 ratione

144 3113 355 3174 indicativum
383 3114 503 3188 excipit
527 3111 544 3173 ύ
565 3133 594 3171 τε
617 3128 690 3172 cum
715 3112 928 3172 subiunctivo

189 3232 206 3272 σ
225 3215 289 3274 419
310 3211 390 3293 ὄφρα
413 3213 582 3285 σπείσαντες
604 3212 796 3290 κατακείομεν
818 3206 916 3272 οἴκαδ’
943 3210 1044 3284 ἰόντες.
1068 3213 1164 3274 Verbi
1187 3212 1257 3273 κείω
1277 3214 1306 3284 (5
1329 3213 1408 3289 169),

142 3318 212 3377 sive
242 3332 396 3392 praesens
420 3319 471 3377 est
494 3316 564 3376 sive
587 3315 743 3391 futurum,
776 3315 1001 3375 subiunctivus
1022 3316 1056 3375 in
1083 3335 1170 3391 ομεν
1192 3315 1328 3376 formari
1350 3330 1410 3377 non

142 3418 256 3492 potuit,
291 3433 395 3491 neque
429 3417 618 3478 adverbium
652 3416 840 3479 truncatum
874 3415 975 3477 οἴκαδε
1004 3432 1061 3492 pro
1091 3415 1216 3477 ίοίκαδε
1246 3420 1410 3480 vetustam

143 3520 235 3579 decet
261 3520 444 3579 dictionem.
466 3518 668 3594 Quamquam
687 3518 909 3578 duriusculum
929 3521 980 3579 est
1007 3519 1091 3592 quod
1109 3521 1286 3594 praeeunte
1307 3520 1412 3581 Ficlde

143 3621 368 3695 rescripsimus
398 3616 477 3698 ὄφρα
501 3618 669 3691 σπείσαντες
697 3618 821 3697 κείωμεν
844 3615 966 3679 ίοίκαδ
994 3618 1097 3697 ίόντες,
1120 3636 1196 3681 cum
1219 3623 1412 3696 praesertim

143 3721 368 3781 subiunctivus
392 3722 488 3781 huius
512 3721 600 3781 verbi
623 3721 705 3782 alias
726 3736 791 3781 non
814 3722 1000 3797 reperiatur.

187 3823 355 3883 Immerito
388 3837 444 3898 pro
479 3822 683 3883 subiunctivo
712 3822 844 3896 quidem
876 3823 1058 3884 hebuemnt
1088 3824 1223 3884 verbum
1255 3822 1414 3901 κελεύομεν

147 3927 181 3983 Ψ
212 3926 275 3986 659
299 3949 331 3970 =
356 3925 438 3999 802;
481 3924 596 3998 quibus
634 3923 713 3983 locis
755 3924 949 3984 indicativus
990 3924 1071 3985 bene
1114 3924 1232 3985 habere
1274 3924 1414 4001 videtur,

143 4042 245 4100 neque
277 4027 376 4100 igitur
405 4026 589 4087 necessaria
620 4028 670 4086 est
702 4025 832 4086 Christii
857 4026 1040 4086 coniectura
1062 4023 1226 4103 κελύμεθα.
1253 4024 1293 4086 In
1320 4042 1414 4089 versu

146 4130 231 4188 app-5
252 4129 387 4188 verbum
404 4122 590 4205 ὀλοφύρομαι
608 4127 815 4188 Aristarchus
838 4128 1110 4201 interpretabatur
1129 4124 1179 4185 ἴνα
1199 4121 1414 4208 ύλοφύρωμαι;

142 4230 248 4301 quisi
273 4244 384 4290 verum
411 4228 500 4304 vidit,
524 4228 643 4289 aoristo
668 4223 870 4306 ὠλοφυρύμην
892 4228 944 4288 hic
967 4228 1193 4288 subiunctivus
1216 4231 1270 4289 est
1296 4230 1415 4291 adscri-

141 4331 275 4407 bendae,
293 4329 473 4404 praesentis
497 4331 583 4390 enim
609 4345 680 4390 esse
704 4331 831 4404 nequit;
856 4330 913 4390 sed
938 4344 1064 4390 errasse
1083 4329 1324 4408 Aristarchum,
1346 4346 1415 4407 par·

141 4434 312 4493 entbeseos
344 4433 430 4492 enim
462 4432 530 4491 loco
562 4431 788 4505 interpositum
822 4446 894 4490 esse
927 4430 1061 4490 verbum
1085 4425 1272 4508 ὀλοφύρομαι
1293 4447 1419 4507 precor,

141 4535 223 4592 satis
246 4534 369 4593 certum
395 4533 492 4607 duco;
516 4533 556 4592 ci.
580 4532 598 4600 5
626 4531 687 4590 108
713 4547 783 4606 pag.
810 4531 883 4591 282.
