3120 5124
815 398 878 457 428
1342 399 1365 470 [ἐ
1383 400 1424 459 191
1505 406 1550 460 4’..-’.’

364 622 367 627 ·
462 582 556 644 αὐτοῦ
580 578 611 643 d’
637 583 760 667 ἰχθυάᾳ,
782 581 926 644 σκόπελον
949 583 1188 663 περιμαιμώωσα.
1510 638 1543 649 ,.

240 687 291 747 Sic
320 689 399 747 nata
429 688 507 747 sunt
536 690 684 748 monstra
707 688 763 749 illa
793 686 1009 765 μαιμώωσα
1034 686 1137 770 μνάᾳ
1161 687 1323 766 δρώοιμι
1342 709 1430 765 μνοο
1512 694 1531 751 i

195 784 238 866 με’
245 810 296 872 veo
327 792 349 859 ¹)
391 804 447 864 pro
489 781 662 867 μαιμάοοσα
700 780 807 865 μνάεαι
843 780 963 867 δρώοιμι
997 786 1156 873 μνωομένῳ
1190 789 1351 864 multaque
1378 790 1431 851 alin
1511 796 1520 839 ³-

195 889 339 951 Monstra
373 893 450 951 eunt
489 891 547 967 „ab
583 891 671 951 omni
706 891 855 952 omnium
890 892 1058 952 hominum
1088 891 1193 967 patrio
1226 893 1260 952 et
1282 892 1433 965 quotidiano
1539 902 1541 907 ’

195 1006 344 1052 sermono
367 992 493 1053 aliena”
518 985 540 1062 ²)
564 991 785 1071 γελόωντες
809 991 993 1072 γελόωντες
1016 991 1201 1071 γελοίωντες
1228 992 1380 1073 γελώοντες
1393 1008 1433 1068 pro
1514 1029 1526 1055 .-

194 1091 357 1171 γειαίοντες
389 1090 424 1171 ³).
446 1084 613 1171 'Monstra
649 1109 712 1168 quo
747 1095 906 1156 crebriora
940 1110 977 1156 eo
1012 1095 1119 1155 acrius
1153 1095 1348 1173 insectanda,
1379 1097 1435 1155 sunt
1518 1102 1556 1129 -·····

195 1191 294 1273 ὁρόω
328 1191 449 1278 ὁράᾳς
485 1191 583 1278 ὁράα
618 1191 763 1280 ὁρόῳτε
793 1192 924 1275 ,ὁράαν
956 1193 1082 1275 ὁρόων
1114 1192 1269 1275 ὁρόωσα
1294 1198 1435 1274 prounict
1516 1218 1544 1273 ’ζ’

195 1298 282 1357 veris
314 1292 394 1374 ὁρόω
429 1292 526 1374 ὁράεις
557 1293 638 1375 ὁρόει
669 1293 783 1375 ὁράοιτε
814 1293 915 1376 ὁράειν
950 1293 1050 1374 ὁρόων
1078 1294 1211 1376 ὁράονσα
1236 1300 1269 1369 ”).
1293 1300 1328 1360 In
1349 1299 1434 1360 cadem

194 1400 305 1458 autem
330 1413 429 1459 causa
453 1401 624 1459 versantur
655 1398 779 1460 formae
802 1399 835 1459 in
858 1399 1029 1460 nominum
1060 1399 1200 1460 ilexione
1225 1399 1337 1460 obviae
1356 1397 1435 1475 φόως
1539 1468 1545 1481 ,

193 1514 251 1573 pro
274 1497 351 1574 φάος
383 1497 412 1577 (5
438 1496 502 1576 71),
523 1497 614 1570 σόος
645 1514 702 1575 pro
725 1499 798 1571 σάος
824 1498 854 1577 (S
882 1497 948 1577 62),
971 1499 1223 1578 ώαστνβοώτης
1252 1515 1308 1576 pro
1330 1497 1436 1578 -βοιμης,

194 1601 327 1661 nomina
357 1600 484 1675 propria
515 1601 549 1660 in
584 1601 706 1675 -ῳόων
737 1616 793 1676 pro
824 1600 926 1676 -φάων
954 1602 1145 1677 desinentia,
1169 1616 1275 1676 neque
1298 1599 1436 1664 dissimilis
1529 1608 1556 1633 ··

195 1705 247 1763 eet
280 1703 388 1764 aoriet'
425 1699 639 1778 ἐφαάνθην
675 1699 704 1778 (5
742 1703 817 1762 155⁶
852 1703 886 1763 et
922 1701 998 1779 280)
1028 1704 1127 1778 origo,
1157 1718 1233 1764 cum
1257 1703 1436 1765 Homericum
1520 1770 1523 1777 A

196 1819 268 1864 esee
299 1799 453 1879 ἐφαένθην
486 1804 640 1878 appareat
662 1819 679 1863 e
703 1804 884 1877 praesentis
908 1804 1064 1879 temporis
1086 1804 1192 1865 forma
1214 1804 1328 1880 postve
1347 1806 1377 1866 ot
1399 1799 1436 1862 nd·
1518 1806 1533 1827 ·“

196 1905 313 1967 iectivo
354 1903 485 1980 φαεινός.
525 1903 570 1965 cf.
613 1906 780 1981 praeterea
822 1902 962 1982 νηπιάας,
1004 1902 1203 1983 αὐτοχόωνον,
1244 1904 1371 1985 πρώονες
1396 1913 1438 1977 pro
1517 1920 1534 1949 r-

194 2007 326 2084 νηπιόας,
359 2004 552 2085 αὐτοχόανον,
586 2004 715 2083 πρήονες
740 2003 791 2084 (ὁ),
828 2008 861 2066 et
893 2005 1038 2084 ιιραιαόνω
1073 2003 1205 2084 ἕκρήηνα
1242 2022 1300 2083 pro
1333 2000 1439 2086 ιιρσσόνῠ

98 2142 100 2145 -
194 2100 323 2186 ἒκράηνα
346 2110 374 2180 (S
399 2111 483 2179 267).

239 2213 284 2273 At
306 2227 369 2272 non
393 2211 469 2272 licet
499 2211 629 2272 silentio
651 2211 824 2285 praeterire
850 2213 1079 2285 argumentum
1104 2212 1240 2273 minime
1264 2214 1444 2273 connuncu-
1533 2262 1540 2271 .

196 2316 284 2389 dum,
320 2328 383 2386 quo
417 2314 539 2374 formae
572 2313 745 2374 distractas
775 2313 920 2373 nonnulli
950 2313 1119 2374 defendere
1147 2314 1349 2390 studuerunt,
1377 2297 1449 2385 otwd

200 2415 306 2477 verbis
329 2414 390 2474 viri
412 2414 498 2475 docti
521 2414 629 2474 Monro
653 2414 806 2474 Homeric
829 2412 1012 2475 Grammar¹
1037 2429 1066 2488 p.
1092 2415 1157 2475 318
1181 2415 1344 2476 indicabo:
1371 2400 1456 2491 „it'ffi

196 2517 275 2579 hard
304 2518 338 2577 to
368 2516 491 2577 believe
515 2516 588 2576 that
611 2531 647 2576 eo
671 2517 841 2576 extensive
865 2532 884 2576 a
907 2530 1036 2590 process
1059 2531 1097 2577 as
1120 2517 1176 2578 the
1200 2517 1409 2579 substitution
1432 2494 1461 2559 ⁰¹
1536 2502 1556 2558 '³

196 2619 251 2679 the
275 2617 459 2678 contracted
483 2617 585 2677 forms
609 2617 806 2690 throughout
830 2617 952 2677 Homer
975 2631 1034 2677 can
1058 2618 1141 2678 have
1163 2618 1262 2680 taken
1275 2618 1366 2695 place
1377 2603 1465 2677 with·
1548 2616 1556 2657 ¹

195 2721 253 2781 out
286 2719 416 2792 leaving
445 2733 536 2778 some
566 2720 655 2778 traco
686 2719 718 2778 in
755 2718 810 2779 the
834 2719 959 2792 history
982 2718 1018 2779 oi
1041 2719 1098 2780 the
1122 2722 1204 2780 text.
1239 2719 1345 2781 These
1367 2712 1472 2781 sormi
1545 2716 1556 2733 “·

195 2822 302 2884 would
332 2822 415 2881 have
446 2820 582 2881 affected
617 2821 678 2880 133
702 2820 852 2881 different
886 2835 1005 2896 verses
1030 2821 1092 2881 and
1115 2821 1173 2895 yet
1195 2837 1245 2882 we
1268 2837 1369 2884 never
1391 2812 1476 2881 l10⁸¹

196 2924 231 2985 oi
258 2939 317 2984 one
348 2922 383 2983 ol
401 2923 502 2998 them,
535 2936 615 2982 even
638 2937 676 2981 as
698 2936 718 2981 a
741 2922 873 2995 reading
896 2922 1035 2995 rejected
1061 2922 1103 2997 by
1125 2923 1336 2984 Aristarchus
1358 2938 1395 2984 or
1421 2903 1483 2972 hii
1554 2915 1556 2925 '

195 3025 439 3099 predecessore”
453 3021 487 3092 ⁵).
517 3057 558 3064 -
584 3022 682 3082 Nobis
714 3037 841 3097 quoque
864 3023 982 3083 durum
1007 3024 1160 3084 concootu
1183 3024 1215 3085 id
1239 3011 1489 3098 aliquanttstss‘

232 3293 250 3357 Ι)
267 3296 352 3342 Etiam
371 3300 501 3357 μιιοιιὴςσι
521 3291 620 3360 (Arist.)
642 3302 661 3342 ο
680 3296 712 3342 al
730 3296 781 3342 huo
798 3295 968 3342 referendum.

230 3374 250 3432 ἲ)
268 3373 296 3421 P.
316 3375 413 3434 Knight
429 3376 572 3435 Prolegom.
592 3389 616 3435 p.
637 3377 677 3422 46.

230 3450 251 3517 ³)
269 3455 420 3502 Productior
445 3455 509 3501 haee
534 3455 607 3501 verbi
630 3456 718 3512 ystdm
739 3456 830 3514 forma,
853 3467 919 3512 quse
944 3469 958 3500 σ
984 3454 1028 3499 111
1051 3470 1065 3499 v
1088 3454 1137 3500 390
1155 3453 1275 3513 occurrit,
1300 3428 1504 3515 oompsrffl‘h

196 3538 237 3581 est
262 3548 321 3581 oum
343 3539 449 3592 μαίομαι,
478 3539 541 3586 ναίω,
567 3535 673 3593 duetorem
700 3533 880 3592 similibusque
903 3532 993 3579 formis
1022 3532 1174 3592 Homeriois,
1205 3545 1272 3592 quae
1303 3546 1319 3580 a
1348 3519 1506 3592 stirpib¹¹¹

196 3615 223 3660 in
249 3630 281 3660 oo
304 3618 331 3661 et
354 3630 380 3660 ια
403 3613 557 3660 exeuntibus
581 3613 710 3660 derivatae
734 3615 803 3660 sunt.
820 3612 902 3659 Versu
926 3614 1011 3660 antem
1029 3629 1043 3659 ν
1061 3612 1109 3658 84¹1
1128 3624 1176 3672 pro
1194 3616 1312 3671 γιλώωι
1328 3602 1506 3661 resorlb⁶⁰'

196 3693 258 3740 dum
276 3696 316 3761 est
330 3694 451 3752 'yslotooa
469 3706 484 3739 a
501 3692 580 3739 verbo
598 3696 707 3750 γελιν-ιον,
726 3691 800 3738 ouius
817 3690 897 3751 verbi,
913 3690 1063 3750 ceteroquin
1076 3690 1201 3752 inusitati,
1209 3692 1322 3739 serietas
1331 3681 1507 3750 γειῑοιάθ·“ιω

198 3775 267 3820 extat
284 3773 310 3818 in
327 3773 353 3819 lr.
370 3772 432 3819 Van.
450 3784 488 3818 vs.
507 3773 546 3819 49.
566 3771 604 3818 ci.
622 3771 636 3829 Β
655 3766 723 3821 286¹.

230 3846 252 3914 ⁴)
270 3851 353 3898 Etiam
371 3851 456 3898 verbis
473 3850 598 3899 iterativis
615 3850 762 3897 huiusmodi
781 3851 878 3897 iormae
896 3853 957 3897 snut
974 3850 1095 3905 tributae,
1112 3849 1163 3897 vid.
1183 3855 1202 3897 ο
1220 3851 1269 3898 '128
1288 3851 1303 3898 δ
1320 3851 1370 3898 868
1392 3864 1414 3893 ο
1452 3822 1510 3877 ³⁸⁶

198 3933 255 3984 eto,
272 3943 319 3976 neo
337 3942 387 3975 non
405 3930 498 3976 futuris
516 3929 643 3976 elemento
662 3945 677 3974 o
695 3929 850 3986 carentibus,
868 3943 889 3977 e.
909 3943 933 3988 g.
951 3931 1021 3976 lidae
1040 3928 1125 3985 ιλόωις
1143 3928 1194 3976 rid,
1213 3929 1228 3987 ὅ
1249 3930 1305 3977 147.

232 4005 253 4072 5)
271 4009 301 4055 In
320 4009 399 4056 altera
417 4009 529 4056 editione
546 4023 571 4070 p.
591 4009 623 4056 52
641 4010 673 4056 ad
691 4009 837 4069 opinionem
854 4023 932 4068 qnam
951 4009 1114 4057 defendimus
1131 4009 1234 4056 translit
1256 4009 1358 4056 lonso:
1383 3993 1515 4078 ,1³⁸¹ss

201 4088 315 4145 „doxioal
338 4101 366 4134 se
389 4088 441 4136 this
461 4102 520 4148 may
542 4102 621 4144 seem,
639 4089 711 4135 there
728 4102 774 4135 osu
794 4090 826 4135 be
844 4088 910 4136 little
929 4088 1010 4135 donbt
1027 4088 1084 4135 that
1100 4089 1121 4135 it
1137 4089 1160 4135 is
1177 4087 1360 4148 substautially
1378 4064 1502 4137 rissl't

199 4168 239 4214 Ita
256 4171 342 4213 tamen
364 4181 418 4214 rem
442 4168 492 4215 sibi
514 4168 635 4216 informat
658 4171 751 4230 potius,
768 4173 798 4217 nt
816 4183 830 4215 s
848 4169 958 4229 posterla
976 4169 1072 4216 formas
1089 4169 1240 4216 Homerioas
1258 4181 1308 4216 nou
1327 4146 1517 4216 oontrssffl

199 4247 292 4295 deinde
319 4246 456 4294 distractas
482 4261 538 4294 esse
564 4250 668 4309 statuat,
695 4249 742 4296 sed
767 4249 873 4296 vocibus
899 4248 1009 4307 vulgatis
1032 4251 1156 4308 qnantum
1181 4247 1272 4295 liceret
1294 4227 1516 4295 „must”

202 4328 273 4384 „ense
299 4330 368 4393 τρει,
392 4329 468 4391 spru:
484 4341 550 4374 were
569 4327 685 4387 euagon
706 4329 760 4375 nlo
779 4330 846 4393 ιριω,
865 4329 936 4392 epea
952 4324 981 4388 oy
999 4325 1039 4374 ιιι
1054 4325 1170 4390 τιμαεο
1184 4325 1217 4390 os
1232 4324 1272 4372 m
1281 4324 1421 4390 saroa
1463 4301 1518 4361 ⁴³⁰⁶·

202 4408 288 4472 „rippa”
314 4409 384 4472 (pag.
412 4405 469 4471 53);
492 4409 551 4454 binc
573 4408 670 4455 intaeta
694 4409 805 4455 evasisse
828 4407 906 4454 verbs
929 4407 1030 4467 poetioa
1054 4407 1149 4466 quibus
1168 4405 1295 4453 recentior
1313 4404 1427 4465 liugn·
1474 4386 1518 4425 ”⁰¹¹

200 4489 323 4543 uteretur,
350 4487 426 4546 quale
452 4490 491 4534 est
516 4491 619 4534 ναιετάω.
638 4512 670 4521 -
687 4488 806 4535 Fortasse
832 4486 990 4546 probabilior
1014 4489 1055 4534 est
1077 4487 1140 4534 haec
1163 4483 1307 4546 explicandi
1329 4484 1426 4533 nso,
1475 4464 1517 4504 ¹¹⁰⁰

202 4565 312 4613 multum
330 4567 417 4612 autem
438 4566 551 4613 interest.
