3120 5124
751 416 827 459 lxlv

193 592 331 652 Gravius
368 607 409 651 ne
449 590 706 651 deformarentur
737 591 882 651 carmina
913 590 1013 665 epica,
1044 588 1171 648 obstitit
1205 587 1326 663 religio,
1358 601 1422 660 qua

148 695 392 767 antiquissimos
423 693 482 753 hos
513 693 619 753 foetus
650 693 770 766 ingenii
803 692 915 752 Graeci
939 691 1045 764 magis
1068 691 1237 763 magisque
1259 689 1422 763 prosecuti

148 797 225 855 sunt
259 796 397 870 posteri,
431 795 512 854 haec
543 793 630 854 euim
661 794 823 867 prohibuit
858 793 1033 866 quominus
1063 794 1186 853 temere
1216 794 1423 852 mutarentur

148 913 230 971 quae
259 897 292 957 in
323 897 389 956 illis
419 897 568 970 operibus
598 897 718 957 tradita
750 896 901 955 omnibus
933 895 1161 955 innotuissent.
1195 893 1315 953 Eadem
1346 908 1421 953 vero

147 1000 258 1072 religio
289 998 396 1058 effecit
425 999 463 1057 ut
493 1000 580 1058 recte
612 998 712 1072 accipi
736 1000 770 1058 et
794 1013 853 1057 suo
878 998 980 1071 pretio
1005 996 1173 1057 aestimari
1197 996 1253 1054 vix
1276 998 1418 1070 possent.

148 1101 389 1176 Quaerebantur
412 1099 444 1159 in
468 1099 509 1158 iis
533 1114 615 1172 quae
646 1114 709 1159 non
733 1100 888 1174 inessent,
914 1098 1048 1160 consilia
1071 1097 1295 1158 tribuebantur
1317 1098 1422 1171 poetis

146 1218 228 1276 quae
259 1217 279 1261 a
307 1202 415 1276 poesis
445 1201 551 1261 indole
574 1217 673 1274 quam
698 1203 842 1262 maxime
866 1204 944 1261 sunt
967 1201 1086 1277 aliena,
1109 1199 1293 1273 Polybistor
1317 1197 1419 1258 fuisse

147 1305 316 1366 videbatur
338 1304 511 1379 Homerus
539 1305 631 1363 cuius
650 1319 747 1378 opera
766 1304 937 1364 thesauros
958 1304 1127 1363 abstrusae
1155 1301 1311 1361 scientiae
1332 1315 1419 1375 prae·

146 1407 259 1467 berent
291 1404 487 1479 legentibus,
523 1420 626 1477 neque
660 1405 693 1464 id
727 1406 857 1465 tantum
892 1405 1041 1464 veritatis
1075 1404 1182 1464 inesse
1219 1403 1418 1477 credebatur,

145 1509 229 1583 quod
259 1509 292 1568 in
323 1507 482 1581 genuinae
512 1507 593 1566 artis
624 1506 763 1566 foetibus
800 1521 968 1579 nunquam
999 1507 1120 1566 frustra
1151 1506 1325 1580 quaeritur,
1362 1505 1419 1564 sed

146 1625 354 1684 quaecunque
384 1611 550 1668 narrasset
574 1624 688 1668 revera
710 1609 757 1668 ita
781 1608 936 1669 accidisse
967 1609 1125 1682 putabant
1148 1607 1285 1681 posteri;
1311 1622 1421 1667 rerum

145 1712 224 1773 olim
254 1714 421 1784 gestarum
452 1714 639 1769 accuratam
671 1725 713 1769 ex
745 1725 782 1769 eo
815 1711 966 1769 notitiam
999 1710 1119 1769 hauriri
1147 1723 1251 1783 posse,
1276 1707 1421 1767 locorum

146 1814 185 1874 ab
228 1827 265 1873 eo
307 1811 540 1885 descriptorum
581 1826 655 1870 eam
697 1811 803 1884 ipsam
846 1825 944 1884 quam
983 1804 1146 1870 Homerus
1179 1810 1219 1868 iis
1253 1808 1423 1868 tribuisset

146 1914 247 1974 fuisse
285 1914 437 1987 speciem,
481 1914 627 1986 tempora
669 1928 841 1973 mensuras
884 1914 1017 1973 nomina
1050 1912 1134 1986 apud
1171 1927 1247 1972 eum
1282 1926 1420 1971 comme·

147 2017 273 2075 morata
313 2013 375 2074 flde
417 2015 548 2074 omniuo
586 2015 684 2087 digna
719 2029 791 2075 esse
834 2017 867 2074 et
901 2015 990 2088 ipsas
1025 2030 1078 2074 res
1112 2013 1239 2073 divinas
1274 2028 1314 2073 ex
1349 2014 1420 2073 eius

146 2117 342 2177 carminibus
373 2115 466 2190 plene
498 2117 531 2175 et
559 2114 660 2175 veluti
684 2115 724 2175 ad
749 2116 909 2175 amussim
934 2116 1082 2190 cognosci
1105 2129 1211 2189 posse,
1237 2114 1421 2173 communis

145 2218 292 2279 omnium
316 2217 382 2277 fere
406 2217 476 2276 erat
499 2217 621 2291 opinio;
648 2219 681 2277 et
704 2218 857 2290 quoniam
881 2219 1005 2291 primus
1029 2216 1209 2277 iuventutis
1233 2218 1421 2290 praeceptor

147 2320 217 2378 erat
247 2318 420 2391 Homerus
451 2317 587 2377 libenter
619 2319 679 2378 sibi
707 2319 943 2392 persuadebant
966 2318 1093 2378 nullum
1117 2318 1201 2390 quod
1224 2332 1287 2376 non
1311 2318 1344 2377 et
1368 2316 1418 2376 bo-

149 2435 227 2480 num
262 2421 296 2479 et
328 2433 442 2478 verum
478 2421 565 2478 esset
596 2421 804 2493 praeceptum
836 2421 875 2480 ab
907 2435 944 2480 eo
976 2421 1088 2480 datum
1113 2434 1196 2478 esse.
1222 2418 1335 2490 Itaque
1360 2417 1420 2477 viri

147 2535 228 2594 quos
269 2521 415 2581 nominat
458 2520 535 2591 quin
570 2521 766 2595 ext'tissent,
801 2522 871 2580 looa
907 2537 988 2594 quae
1023 2520 1176 2582 describit
1208 2519 1285 2591 quin
1320 2520 1420 2592 digito

147 2623 334 2682 etiamnunc
354 2622 529 2680 monstrari
548 2624 691 2697 possent,
715 2638 755 2683 ne
779 2622 912 2682 dubium
936 2623 1065 2695 quidem
1091 2621 1276 2695 videbatur;
1301 2620 1419 2681 Phaea-

147 2738 201 2783 ces
232 2724 265 2783 in
296 2721 433 2795 Corcyra
458 2719 490 2797 ¹),
522 2721 676 2797 cyclopes
705 2724 738 2783 in
763 2724 870 2783 Sicilia
890 2720 911 2794 ²)
937 2725 1063 2797 degisse
1090 2725 1302 2785 credebantur
1329 2725 1362 2782 et
1386 2722 1419 2781 in

148 2824 264 2884 vicinia
287 2822 394 2896 Scylla
422 2822 597 2896 charybdis
629 2823 735 2885 Circes
766 2825 873 2885 insula
893 2827 1130 2898 quaerebantur
1150 2827 1192 2899 et,
1217 2839 1299 2897 quae
1318 2823 1418 2884 homi·

146 2940 226 2984 num
254 2927 306 2986 est
336 2925 519 3001 credulitas,
549 2926 797 2986 inveniebantur
818 2931 850 2994 3).
882 2927 934 2986 Sic
965 2927 1089 3003 Strabo,
1121 2927 1172 2987 cui
1203 2940 1306 2998 neque
1334 2925 1418 2997 inge·

143 3026 237 3086 nium
267 3025 408 3100 profecto
438 3027 549 3087 deerat
579 3043 682 3100 neque
714 3028 850 3087 eruditio
878 3028 1064 3088 studiumve
1089 3028 1167 3103 veri,
1192 3027 1344 3088 Graeciae
1368 3026 1417 3085 de·

145 3128 352 3201 scriptionem
394 3129 632 3202 compositurus
681 3128 743 3197 (lib.
779 3127 941 3198 Vlll-X)
984 3130 1024 3189 ab
1059 3129 1200 3189 Homero
1240 3127 1416 3188 identidem

144 3230 274 3289 initium
304 3229 379 3290 fecit
403 3232 436 3290 et
458 3245 496 3289 eo
519 3245 589 3290 rem
612 3231 763 3304 perduxit
786 3232 823 3289 ut
846 3231 986 3290 Navium
1010 3231 1202 3305 praesertim
1226 3229 1416 3301 catalogum

145 3332 388 3392 commentariis
410 3331 592 3391 illustrasse
615 3332 718 3405 possit
748 3332 819 3391 dici.
853 3332 982 3393 Scilicet
1006 3333 1168 3393 Homerus
1192 3333 1297 3392 artem
1320 3344 1416 3390 suam

145 3434 177 3493 iu
209 3433 395 3503 versibusi
424 3433 488 3492 232
520 3448 589 3505 sqq.
621 3433 766 3506 pinxisse
798 3435 830 3492 et
854 3434 884 3492 ei
907 3438 931 3503 ⁴)
957 3435 990 3493 et
1013 3433 1086 3493 aliis
1113 3433 1289 3507 videbatur,
1314 3434 1348 3491 et
1370 3447 1415 3491 re·

144 3535 307 3595 conditam
342 3549 437 3594 suam
471 3534 643 3594 scientiam
673 3533 758 3594 dulci
791 3536 974 3594 narratione
1008 3535 1178 3596 inclusisse
1215 3549 1278 3607 quo
1309 3533 1415 3606 magis

144 3639 276 3710 accepta
299 3636 387 3695 esset
410 3635 605 3711 bominibus,

365 3731 405 3806 ὡς
429 3734 474 3794 ὅτε
497 3757 539 3807 τις
562 3734 672 3814 χρυσὸν
694 3735 874 3814 περιχεύεται
898 3733 1017 3821 ἀργύρῳ
1040 3734 1116 3815 ἀνὴρ

363 3835 473 3915 Ηδρις,
493 3831 528 3895 ὃν
543 3832 710 3912 Ἥφαιστος
731 3832 847 3897 ’δέδαεν
870 3835 920 3896 καὶ
944 3836 1064 3910 Παλλὰς
1089 3837 1200 3915 Ἀθήνη

364 3934 468 4015 τέχνην
490 3937 645 4015 παντοίην,
667 3938 802 4018 χαρίεντα
826 3934 858 3998 δὲ
881 3937 975 4018 ἕέργα
998 3937 1103 3999 τελείει.

232 4041 340 4049 *-

178 4094 197 4159 ¹)
214 4099 269 4144 Non
287 4097 424 4143 oblocutus
442 4099 482 4143 est
499 4097 664 4155 Thucydides
681 4098 694 4144 I
713 4100 744 4145 25
765 4099 804 4144 III
825 4100 864 4145 70.

175 4173 197 4239 ²)
214 4178 293 4223 'Perre
315 4178 436 4238 Aetnaea,
458 4178 562 4236 pascuis
585 4177 726 4237 abundans,
750 4179 861 4237 pastoris
881 4178 1033 4237 Polyphemi
1050 4179 1138 4224 habita
1157 4180 1197 4224 eet
1213 4177 1296 4236 patria
1313 4189 1345 4223 ex
1362 4188 1413 4234 quo

142 4255 229 4301 Sicilie
254 4256 359 4303 Graecis
384 4256 551 4303 orientalibus
577 4256 670 4303 melius
694 4257 811 4304 innotuit.
839 4258 923 4304 Etiam
946 4259 1084 4317 Typhoeus
1106 4270 1164 4302 oum
1187 4257 1283 4302 colonis
1307 4256 1413 4302 Graecis

141 4334 202 4379 illuc
221 4348 235 4380 e
254 4334 343 4380 Cilicia
361 4335 487 4395 migravit,
504 4334 556 4381 vid.
574 4335 647 4382 Pind.
667 4336 740 4394 Pyth.
759 4336 771 4381 Ι
790 4338 820 4383 16
838 4349 903 4395 sqq,
920 4336 1011 4383 Aesch.
1030 4337 1115 4383 Prom.
1135 4338 1181 4383 351
1201 4350 1257 4396 sqq.

174 4408 196 4475 3)
213 4414 282 4460 Bene
308 4413 340 4460 de
358 4413 406 4460 hac
424 4428 451 4461 re
470 4414 616 4461 iudicarunt
635 4412 742 4461 lecker
759 4416 827 4474 apud
845 4416 1004 4462 Nitzsohium
1027 4416 1223 4474 Anmerlrungen
1242 4429 1274 4462 zu
1295 4413 1413 4462 Homer's

142 4492 254 4550 Odyssee
271 4493 310 4537 Ill
329 4506 354 4551 p.
371 4505 399 4538 xr
416 4506 454 4551 sq.
472 4496 498 4540 et
514 4495 569 4553 ipse
588 4494 692 4539 Nitzsclr
712 4495 807 4543 ibidem
826 4509 850 4555 p.
869 4507 953 4540 xxxrrr
971 4510 1009 4554 sq.

176 4569 198 4633 ⁴)
215 4570 270 4617 Vid.
289 4570 371 4617 Strsb.
391 4571 402 4615 1
420 4585 444 4629 p.
463 4573 502 4619 37.
