3120 5124
141 407 160 475 i
186 409 219 477 6]
449 440 455 456 ·
765 412 805 470 37

141 592 331 654 litteratura
373 595 482 655 Ionica
520 596 581 671 nsi,
621 596 712 668 signo
749 587 775 652 H
819 597 914 657 modo
958 612 1046 656 more
1089 599 1220 671 antiqno
1266 600 1416 673 spiritum

141 710 297 769 asperum
336 697 489 772 indicant,
531 698 626 757 modo
670 698 813 758 vocalem
855 714 895 758 ex
931 700 1118 759 recentioris
1161 701 1233 760 aevi
1274 702 1415 776 ratione;

140 798 291 857 scribunt
317 799 416 872 igitur
444 791 548 856 Hlbov
571 789 701 875 (ἦλθον),
724 791 802 857 ανιΕ
831 796 922 876 (ἀνίη,
952 801 1199 877 imperfectum),
1225 794 1283 880 Εχε
1306 793 1416 881 (dyst),

140 890 279 974 τΕλεφος
310 899 479 976 (Τήλεφος),
507 902 564 961 sed
597 892 641 959 Εο
673 897 721 977 (ὁ),
754 893 923 979 Εαγεσερμο
948 900 1152 981 (Ἆγεσὲρμου),
1179 895 1305 969 ΕΕλασε
1330 904 1360 974 (i.
1387 920 1414 963 e.

140 998 259 1075 ἥλασεῗ
282 1017 323 1062 an
348 999 481 1079 blanel).

186 1103 225 1162 In
255 1104 389 1165 Doricas
418 1106 542 1167 insulas
575 1106 713 1166 'lberam
745 1108 778 1166 et
810 1106 939 1166 Cretam
970 1109 1097 1167 mature
1123 1107 1270 1181 pervenit
1294 1104 1432 1167 vocalis

140 1205 274 1278 signum
300 1199 337 1267 Ε.
362 1207 485 1269 Therae
508 1209 595 1268 tituli
619 1209 848 1284 antiquissimi,
872 1210 927 1281 qui
951 1210 990 1270 ad
1014 1209 1118 1270 VIIum
1142 1209 1308 1269 saeculum
1337 1210 1413 1269 rese·

140 1309 268 1384 runtnr,
286 1309 361 1383 plus
381 1311 482 1371 semel
500 1310 654 1370 exhibent
672 1302 819 1368 -KAHM
827 1335 858 1355 =
878 1314 973 1387 -κλῆς,
992 1310 1124 1370 eaedem
1143 1313 1254 1370 tamen
1276 1309 1414 1386 ῥΕξανορ

141 1401 313 1486 (Ῥηξάνωρ)
349 1413 382 1471 et
414 1404 504 1488 ΕΕμι
536 1427 609 1472 aum
640 1411 681 1482 (id
714 1413 764 1471 est
794 1406 872 1488 ἡμίῗ
896 1427 937 1472 an
964 1408 1047 1488 ἡμίῗ)
1076 1413 1275 1486 praebentes.
1302 1411 1414 1472 Cretae

141 1512 254 1570 autern
276 1513 521 1574 vetustissimae
544 1513 778 1588 inscriptiones,
804 1513 925 1572 saeculi
945 1514 1083 1574 fortasse
1100 1513 1181 1588 Vlli,
1201 1528 1282 1586 quae
1295 1513 1414 1573 littera·

143 1613 216 1672 tura
247 1614 424 1675 admodum
456 1616 589 1688 antiqua
612 1616 748 1675 utuntur
770 1630 873 1688 neque
897 1615 1046 1690 spiritum
1073 1630 1224 1689 asperum
1247 1616 1415 1676 litterasve

144 1713 325 1788 adspiratas
360 1719 576 1794 muniunt,
600 1718 730 1790 signum
753 1707 781 1773 Β
805 1717 844 1776 ad
868 1717 1099 1790 designandam
1131 1717 1277 1778 vocalem
1302 1722 1317 1774 c
1345 1732 1414 1776 con·

145 1816 270 1877 stanter
303 1818 465 1879 adhibent.
501 1819 573 1880 Una
607 1821 658 1878 est
693 1818 880 1893 excipienda
914 1834 1016 1892 eaque
1052 1819 1199 1879 omnium
1232 1819 1414 1892 notissima,

146 1931 275 1993 nempe·
296 1920 438 1980 edictum
473 1920 675 1995 Gortynrum,
707 1923 740 1979 in
769 1935 831 1993 qno
859 1920 969 1980 littera
999 1922 1024 1977 Ε
1049 1921 1195 1980 vocalem
1219 1936 1233 1979 e
1257 1920 1327 1979 sive
1350 1919 1415 1979 lon·

149 2033 220 2091 gam
254 2021 325 2081 sive
359 2022 491 2083 brevem
525 2023 655 2097 indicat,
691 2023 821 2095 signum
859 2014 885 2079 Ε
919 2026 1029 2082 autem
1062 2037 1125 2082 non
1155 2021 1302 2082 occurrit.
1328 2020 1415 2096 Quae

151 2123 255 2182 tamen
289 2123 455 2197 inscriptio
490 2125 614 2183 ceteras
645 2125 752 2183 aetate
787 2138 850 2183 non
887 2123 996 2198 vincit,
1031 2125 1132 2183 immo
1164 2124 1309 2182 recentes
1334 2122 1415 2180 satis

155 2221 260 2282 ductus
293 2224 476 2284 litterarum
512 2225 659 2298 exhibet;
692 2225 820 2284 videtur
851 2225 949 2297 igitur
980 2224 1117 2285 fideliter
1147 2239 1220 2284 esse
1255 2223 1416 2296 descripta

159 2338 193 2381 ex
216 2325 363 2399 exemplo
386 2326 573 2401 vetustiore,
597 2327 680 2398 quod
706 2329 876 2386 exaratum
901 2326 1006 2385 fuerat
1030 2326 1219 2399 priusquam
1244 2323 1415 2385 Cretenses

162 2425 239 2497 signo
261 2418 287 2483 H
312 2429 457 2488 vocalem
482 2430 723 2502 repraesentare
745 2430 918 2502 coeperunt
942 2425 972 2498 ¹).
1197 2496 1199 2500 ,

199 2526 231 2586 ln
251 2529 368 2590 Ionicis
391 2545 466 2590 vero
490 2530 606 2589 insulis
630 2531 711 2589 Paro
734 2529 826 2589 Naxo
850 2532 910 2590 etc.
934 2529 1044 2589 littera
1070 2531 1101 2587 H
1121 2528 1250 2589 saeculo
1281 2528 1413 2587 demum

168 2625 200 2680 V⁰
229 2633 375 2691 naturam
410 2647 504 2691 suam
540 2633 671 2691 omnino
703 2632 833 2691 exuisse
865 2633 898 2690 et
931 2646 987 2705 pro
1018 2632 1160 2704 quolibet
1184 2632 1237 2691 eta
1260 2633 1415 2705 usurpata

170 2741 225 2789 esse
261 2733 396 2794 videtur.
435 2735 486 2792 lta
524 2736 574 2793 est
611 2733 755 2793 adhibita
797 2733 829 2790 in
869 2733 1130 2806 inscriptionibus
1173 2732 1276 2792 Pariis
1319 2733 1415 2791 buius

172 2834 277 2909 saeculi,
305 2850 388 2909 quae
415 2837 544 2909 propter
573 2834 738 2893 insolitam
771 2834 930 2892 rationem
958 2833 1116 2893 scribendi
1140 2832 1314 2892 admodum
1338 2836 1415 2892 sunt

172 2932 311 3012 notabiles,
343 2937 435 3010 signo
463 2937 549 2996 enim
573 2935 605 2993 a
629 2935 772 2994 indicant
796 2935 942 2993 vocalem
966 2950 983 2992 o
1006 2935 1148 3008 brevem,
1173 2935 1265 3006 signo
1291 2935 1316 2992 O
1340 2950 1414 2994 vero
1462 2969 1465 2975 -

174 3027 285 3106 longam.

206 3133 234 3194 ln
265 3139 383 3199 Atticis
425 3141 537 3200 autem
570 3139 689 3200 litteris
723 3140 797 3199 inde
833 3138 873 3197 ab
908 3139 999 3197 initio
1026 3173 1063 3181 —
1090 3139 1247 3210 qnantum
1284 3137 1414 3209 quidem

175 3233 331 3298 scimus‘-
357 3241 497 3300 obtinuit
531 3241 644 3300 eadem
679 3241 823 3300 confusio
856 3240 940 3298 inter
972 3241 1146 3312 utrumque
1170 3241 1233 3314 eta,
1259 3254 1356 3311 quarn
1383 3239 1414 3297 in

175 3329 327 3400 litteratura
357 3342 465 3402 Ionica
500 3344 585 3402 circa
619 3344 739 3403 saeculi
771 3340 824 3401 Vli
852 3342 981 3400 initium
1014 3344 1125 3401 natam
1157 3356 1229 3402 esse
1264 3341 1413 3400 vidimus.

176 3429 324 3514 Utramque
361 3444 504 3503 vocalem
533 3444 749 3504 Athenienses
780 3442 964 3502 indicabant
991 3443 1101 3502 littera
1126 3444 1153 3499 E
1187 3443 1340 3515 quamdiu
1365 3442 1415 3501 usi

176 3538 232 3596 sunt
248 3537 367 3614 ἀπικοῖς
392 3547 461 3605 suis
485 3545 662 3624 γράμμασιν,
680 3547 793 3619 postea
813 3545 922 3605 littera
941 3546 981 3620 H,
1003 3548 1040 3603 ut
1060 3546 1154 3605 Iones
1175 3545 1368 3605 recentiores
1381 3537 1412 3614 ²).

207 3635 306 3704 Utrum
341 3649 451 3707 autern
483 3647 517 3707 in
540 3648 655 3706 Ionum
686 3662 740 3706 ore
764 3646 968 3706 consimilem
996 3662 1125 3721 semper
1149 3647 1274 3706 exitum
1299 3644 1412 3704 habue-

176 3736 222 3798 b'nt
239 3747 314 3823 φιλίη
339 3750 372 3807 et
395 3747 474 3823 νίκη,
496 3764 537 3808 an
558 3750 642 3823 apud
663 3763 718 3808 eos
738 3763 873 3821 quoqne,
895 3749 932 3806 nt
951 3749 1098 3821 Athenis,
1119 3749 1173 3809 nbi
1193 3748 1272 3808 talia
1295 3747 1414 3819 scripto

175 3837 434 3925 distinguebantur,
471 3852 590 3924 aliquid
621 3851 813 3926 interfuerit,
846 3851 919 3923 orvis
951 3851 1036 3912 dicat
1066 3852 1175 3912 hodiel
1202 3850 1330 3922 Siquis
1354 3848 1412 3907 dis·

196 4167 210 4225 ¹!
224 4175 299 4237 Isogas
326 4179 462 4238 Gortynius
491 4179 593 4226 saeculo
619 4178 679 4225 ἳἸΙο
703 4180 814 4225 sancitas
840 4183 866 4225 et
890 4181 1001 4237 primum
1028 4183 1144 4225 exaratas
1166 4192 1222 4225 esse
1248 4178 1415 4237 probabiliter

170 4252 241 4301 satuit
256 4258 364 4305 Boberts
387 4258 536 4318 Epigraphy
552 4273 578 4318 p.
597 4259 637 4320 55,
663 4258 708 4306 aad
727 4259 859 4317 inscriptio
877 4260 903 4304 in
927 4273 978 4317 qna
995 4259 1071 4305 bodie
1090 4259 1211 4317 leguntur
1228 4259 1309 4304 multo
1328 4272 1413 4304 recan-

167 4329 223 4379 boris
237 4339 274 4382 eat
290 4337 422 4397 temporis.

191 4405 208 4474 ¹)
223 4413 339 4462 Nonnihil
356 4419 442 4462 tamen
461 4417 568 4463 interest
586 4418 653 4464 inter
669 4417 803 4475 ntrinsqne
821 4418 905 4475 gentis
923 4417 1051 4463 scribendi
1070 4419 1206 4475 rationem
1227 4431 1319 4476 nempe
1338 4417 1414 4463 atbe-

165 4489 258 4549 nienres,
274 4497 305 4540 nt
321 4508 396 4541 nomo
414 4496 502 4551 nescit,
518 4497 629 4543 vocalem
646 4501 663 4543 ᾶ
678 4497 698 4542 si
714 4510 779 4555 pura
793 4499 862 4542 esset
871 4496 1014 4543 reddebant
1024 4497 1140 4556 signoA,
1150 4499 1170 4542 ai
1181 4498 1290 4557 impura,
1301 4497 1373 4556 signo
1384 4500 1413 4550 E3

164 4569 227 4619 Iones
243 4588 302 4624 roro
319 4579 458 4637 utrumqne
478 4587 567 4623 sonum
586 4575 734 4624 indicabant
751 4576 823 4637 signo
842 4575 874 4621 ab
891 4576 956 4637 ipsis
978 4575 1122 4636 excogitato
1141 4581 1171 4623 H.
