3120 5124
83 388 159 458 §21
449 445 451 449 1
715 391 734 448 5

264 574 415 654 Ἀτρείδης·
439 573 478 636 τὼ
502 570 532 634 δ’
560 566 621 635 αὖτ’
648 573 680 635 ἐκ
704 574 815 653 δίφρου
839 571 1054 654 γουναζέσθην.
1090 579 1121 632 Λ
1147 575 1219 633 130.

81 677 159 752 Leg.
184 676 331 755 Ἀτρεΐδης
354 679 429 748 (vid.
454 681 471 747 5
497 680 549 748 io)
574 680 607 738 et
630 675 738 755 clippeo
762 678 836 747 (vid.
860 680 878 746 5
903 679 965 746 59).

262 777 365 856 ψυχὴν
388 777 554 862 κικλήσκων
581 781 774 856 Πατροκλῆος
798 778 937 839 thetole.
1087 779 1121 834 Ψ
1142 777 1216 835 221.

81 879 158 952 Leg.
184 877 387 958 Παιροκλέεος
410 881 485 953 (vid.
510 881 528 951 5
554 883 615 952 73).

262 981 345 1041 σίτου
366 979 417 1040 καλ
439 989 545 1060 κρειῶν
568 975 620 1059 ἠδ’
643 980 730 1042 οἴνου
754 980 921 1059 βεβρίθασι.
1080 1001 1095 1038 ο
1121 980 1195 1039 334.

80 1082 157 1155 Leg.
182 1082 298 1161 κρεάων
322 1084 395 1153 (rid.
423 1084 440 1153 5
462 1084 524 1152 72).
538 1084 710 1143 Praeterea
729 1084 895 1157 praestare
920 1082 1047 1141 ridetur
1065 1078 1147 1140 οἴνοο
1167 1082 1195 1149 (5
1213 1082 1276 1153 59),
1300 1077 1357 1138 sed

78 1199 156 1245 cum
180 1184 367 1259 neglectum
390 1185 435 1246 sit
457 1185 490 1261 P,
513 1200 646 1245 versum
671 1187 728 1244 aut
748 1185 881 1258 gravius
901 1186 1086 1258 corruptum
1105 1184 1162 1242 aut
1182 1181 1356 1241 admodum

79 1289 248 1347 recentem
269 1302 342 1348 esse
365 1289 514 1363 apparet;
539 1288 677 1348 fortasse
700 1285 815 1364 κρεάων
838 1284 888 1345 καλ
910 1284 1017 1345 ἕοίνοο
1042 1300 1156 1346 verum
1180 1285 1240 1343 est.

260 1385 302 1448 τά
325 1382 355 1447 δ’
382 1385 414 1448 ἐν
437 1386 586 1471 Μεσσήνή
610 1386 780 1466 ξυμβλήτην
803 1385 962 1465 ἀλλήλοιιν.
1076 1408 1099 1461 φ
1127 1388 1176 1446 15.

79 1490 156 1563 Leg.
192 1487 362 1567 ξομβλήατο
398 1489 472 1560 (vid.
499 1490 626 1560 5258).
658 1490 830 1550 Praeterea
859 1489 1104 1564 praeferendum
1135 1488 1274 1547 fortasse
1305 1490 1357 1546 est

78 1588 134 1650 ἐνὶ.
157 1590 217 1650 list
239 1592 352 1652 autem
375 1590 466 1651 locus
491 1590 654 1665 Odysseae
678 1606 750 1651 sero
773 1592 925 1650 insertus.

261 1690 362 1771 σειρὴν
384 1687 418 1752 δὲ
439 1689 566 1769 πλεκτὴν
590 1690 619 1765 ἐξ
642 1690 736 1752 αὐτοῦ
760 1691 943 1770 πειρήναντε.
1083 1713 1099 1768 χ
1126 1692 1320 1751 175=192.

81 1796 160 1869 Leg.
185 1792 279 1856 αάτόο
303 1795 378 1867 (vid.
402 1795 420 1864 5
444 1795 506 1865 59).

260 1894 350 1972 νῆσός
373 1889 394 1954 τ’
421 1894 530 1974 Αἰγίνη
554 1894 741 1972 ναυσικλείτη
764 1888 785 1953 τ’
813 1891 939 1973 Εὔβοια.
1075 1895 1105 1954 h.
1131 1895 1191 1968 Ap.
1217 1895 1268 1954 31.

79 1998 156 2072 Leg.
179 1991 313 2076 Ἐὐβοια
338 1998 509 2059 Praeterea
539 2000 616 2058 sunt
648 1999 702 2071 qui
734 1997 845 2074 -κλεΐτη
868 1997 1055 2071 praeferunt
1078 1997 1153 2067 (vid.
1178 1997 1195 2065 5
1222 1997 1261 2066 7).
1285 1993 1355 2054 Νοο

79 2102 133 2160 est
155 2114 213 2159 cur
241 2101 461 2160 assentiamur
483 2101 640 2161 Gemollio
664 2100 759 2161 aliter
782 2102 820 2160 de
844 2101 904 2160 hoc
928 2115 1024 2160 versu
1045 2115 1143 2172 quam
1164 2099 1202 2159 de
1223 2097 1355 2170 reliquis

78 2201 237 2260 iudicanti
272 2201 324 2261 his
359 2202 480 2263 verbis:
516 2203 591 2279 „der
621 2203 744 2276 einzige
774 2218 856 2276 ganz
888 2202 1097 2276 spondeische
1129 2200 1210 2260 Vere
1241 2199 1275 2258 in
1300 2198 1356 2258 der

80 2303 234 2376 epischen
258 2303 469 2364 Litteratur”.

125 2404 171 2464 De
184 2404 370 2465 coniectura
383 2419 516 2465 versum
529 2400 741 2466 ὁλοσετόνδειον
754 2405 915 2467 efficiebat
930 2405 1137 2465 Ptolemaeus
1150 2402 1353 2463 Ascalonita:

258 2502 378 2583 ἀνδρῶν
401 2505 582 2583 λικμώντων,
604 2498 660 2567 εὖτ’
686 2505 723 2567 ἀν
747 2506 846 2585 ξανθή
872 2506 1026 2585 Δημήτηρ,
1072 2509 1100 2564 Ε
1125 2507 1199 2567 500.

79 2622 179 2680 quam
199 2607 373 2668 lectionem
396 2622 460 2667 non
484 2623 557 2668 esse
581 2610 824 2683 praeferendam
849 2611 999 2684 vulgatae
1024 2607 1070 2669 ὅτε
1093 2629 1144 2667 κεν
1169 2604 1269 2682 ξανθὴ
1294 2609 1355 2682 Δη-

80 2707 177 2786 μήτηρ
198 2724 274 2769 oum
295 2711 438 2769 metrum
451 2710 543 2770 docet
555 2712 627 2770 tum
638 2713 798 2785 particula
809 2708 847 2769 ἀν
860 2727 974 2786 parum
989 2711 1161 2772 Homerica
1173 2709 1223 2780 (ol.
1237 2709 1254 2777 5
1268 2708 1354 2777 326).

128 2809 246 2870 Contra
264 2810 446 2871 Nauckium
472 2810 647 2872 Christium
672 2812 763 2889 ailoe,
789 2813 843 2886 qui
865 2814 1074 2873 hexametros
1091 2809 1355 2883 dodecasyllabos

80 2912 124 2971 ab
146 2911 281 2972 Homeri
303 2915 373 2973 arte
396 2912 630 2990 abiudicarunt‚
656 2915 801 2989 disputat
825 2915 977 2974 Ludwioh
1003 2915 1102 2975 Arist.
1120 2914 1151 2973 ΙΙ
1164 2928 1192 2987 p.
1208 2914 1270 2972 314
1285 2926 1354 2984 sqq.

127 3090 189 3151 Pes
210 3091 411 3165 penultimus
434 3092 467 3151 in
493 3091 674 3152 Homericis
697 3094 782 3152 haud
804 3094 1023 3166 infrequenter
1041 3096 1090 3163 ll:
1119 3093 1169 3162 18)
1191 3093 1242 3151 est
1264 3105 1354 3165 spon·

81 3193 180 3267 deus;
213 3193 275 3254 vid.
301 3192 409 3253 Christ
439 3191 566 3253 Metrilr²
592 3195 609 3262 5
634 3195 698 3253 200
724 3195 756 3254 et
781 3195 929 3268 inprimis
957 3194 1109 3254 Ludwich
1134 3194 1172 3253 de
1196 3193 1354 3252 Hexame·

81 3294 143 3354 tris
177 3295 358 3369 spondiacis
397 3297 430 3355 et
463 3296 641 3355 Arist-arch.
677 3296 708 3355 il
743 3311 773 3369 p.
810 3298 873 3356 301
909 3311 978 3369 sqq.
1004 3329 1043 3338 -
1075 3296 1133 3355 Rei
1164 3294 1355 3354 notissimae

82 3396 235 3471 exempla
257 3397 308 3457 hio
332 3397 447 3458 afferre
470 3396 595 3457 inutile.

127 3497 278 3558 Duriores
312 3499 424 3558 autem
454 3500 532 3558 sunt
566 3514 683 3558 versus
718 3500 880 3574 spondiaci
916 3500 970 3572 qui
1002 3499 1101 3559 etiam
1136 3499 1250 3571 quarto
1286 3496 1355 3556 loco
1448 3557 1449 3560 ,

84 3598 262 3672 spondeum
298 3599 427 3660 habent.
464 3599 666 3674 Quamquam
704 3615 744 3661 ne
775 3602 962 3661 huiusmodi
994 3600 1123 3673 quidem
1147 3599 1355 3658 hexametros

83 3700 216 3760 omnino
239 3703 431 3775 spreverunt
453 3702 581 3761 veteres
609 3703 739 3776 poetae;
765 3717 792 3762 e.
816 3718 864 3776 g.:

171 3810 230 3862 τῶν
253 3797 308 3880 μὲν
330 3796 374 3881 ἀρ’
404 3801 585 3880 Ἀμφίμαχος
609 3800 660 3861 καὶ
684 3802 806 3881 Νάστης
828 3798 1017 3883 ἡγησάσθην.
1042 3805 1066 3861 Β
1090 3804 1164 3862 870.

173 3900 239 3964 οὔτε
260 3897 323 3964 ποτ’
349 3901 378 3975 ἐς
401 3902 531 3981 πόλεμον
551 3902 613 3982 ἀμα
638 3908 698 3988 λαῷ
725 3910 934 3984 θωρηχθῆναι.
1037 3908 1066 3962 Α
1090 3905 1163 3964 226.

173 4003 323 4083 δάμνασαι
347 4001 521 4077 ἀθανάτους
545 4000 599 4083 ἠδὲ
619 4004 753 4083 θνητοὺς
776 4003 959 4084 ἀνθρώπους
975 4006 1004 4077 1).
1033 4001 1061 4069 Ξ
1083 4006 1154 4065 199.

121 4165 138 4223 ι)
154 4165 186 4212 In
209 4166 258 4213 hro
285 4165 466 4225 similibusque
493 4165 612 4212 formulis
638 4166 785 4226 suspicetur
811 4167 920 4214 fortasse
951 4166 1079 4226 quispiam
1108 4165 1250 4223 antiquitus
1276 4165 1355 4212 fuisso

87 4247 188 4306 μέροπας
210 4246 359 4308 ἀνθρώπους,
375 4248 483 4308 μερόπων
500 4247 640 4308 ἀνθρώπων,
659 4245 693 4291 ef.
712 4248 738 4292 A
756 4246 804 4292 250
824 4249 886 4301 etc.;
904 4259 955 4304 quo
973 4244 1123 4304 praesertim
1143 4245 1244 4291 videtur
1261 4244 1355 4291 ducere

88 4324 203 4376 lectionis
218 4324 332 4371 varietas
348 4325 375 4371 iu
398 4337 475 4371 versu
492 4324 620 4371 Hesiodeo
638 4325 713 4384 Oper.
733 4326 779 4372 123
798 4325 830 4372 de
849 4325 1030 4372 daemonibus:

382 4406 473 4464 λοθλολ,
491 4406 635 4464 λπιχθόνιοι,
653 4406 752 4465 φύλακες
770 4409 891 4464 θνητῶν
908 4406 1047 4467 ἀνθρώπων,

89 4482 130 4543 qni
146 4482 217 4532 loeus
234 4483 306 4545 spnd
325 4483 458 4530 Platonem
475 4485 538 4543 Rep.
557 4485 622 4529 lesa
640 4483 675 4529 ite
693 4483 810 4530 affertur:

384 4564 473 4620 λσθλολ,
490 4560 627 4620 ἀλιξλκακοι,
644 4565 743 4627 φύλακος
759 4566 902 4629 μερόπων
919 4564 1058 4628 ἀνθρώπων.
