3120 5124
794 414 866 458 xxti

198 606 312 652 amnes
346 591 416 651 loca
450 606 528 651 aves
563 590 711 650 homines
744 589 867 649 duobus
900 587 1085 648 nominibus
1119 586 1293 659 nuncupat,
1327 597 1466 656 quorum

198 694 337 753 alterum
369 691 556 752 mortalium
584 691 724 750 alterum
755 690 889 750 deorum
921 690 1049 763 linguae
1080 688 1243 763 proprium
1274 701 1347 747 esse
1370 684 1463 756 diclt;

200 796 262 855 vid.
296 798 325 852 Α
348 796 412 854 403
445 793 556 852 13813
589 789 698 856 :7291
735 792 763 848 Ῥ
783 792 841 865 74;
869 791 970 851 etiam
1001 791 1133 851 uomina
1155 788 1292 863 duplicia
1316 787 1465 847 Scaman-

198 897 479 970 dnus-Astyanax,
512 893 797 955 Paris-Alexander
827 893 889 953 huc
920 892 1095 953 referenda.
1126 890 1209 951 Nam
1242 890 1374 950 deorum
1397 887 1467 946 sive

200 1013 367 1058 musarum
392 998 502 1069 lingua
524 1012 563 1056 ea
586 997 637 1055 est
659 1010 723 1068 qua
745 995 814 1069 ipse
835 999 927 1054 vates
947 999 968 1063 ¹)
989 995 1122 1067 eiusque
1142 992 1294 1066 aequales
1313 991 1480 1065 utuntur;⁴

199 1116 281 1175 quae
317 1114 392 1160 vero
426 1114 468 1158 ex
500 1098 671 1158 hominum
702 1097 812 1170 lingua
842 1096 906 1157 illis
937 1097 1016 1157 locis
1046 1095 1234 1171 afferuntur,
1266 1107 1360 1154 casca
1391 1092 1468 1151 sunt

199 1203 331 1262 nomina
355 1216 373 1260 e
397 1198 631 1260 vetustissimis
654 1200 852 1260 carminibus
875 1198 1012 1272 repetita
1032 1197 1064 1268 ²).

244 1303 268 1362 Ε
291 1302 437 1376 materie,
460 1315 543 1373 quae
565 1300 612 1359 ita
634 1303 824 1361 coacervata
847 1302 880 1360 et
902 1300 1067 1360 elaborata
1087 1300 1202 1374 iuerat,
1225 1300 1316 1358 vates
1335 1297 1467 1369 quidam

200 1406 357 1478 egregius,
378 1403 431 1462 oui
451 1403 592 1463 Homero
613 1417 730 1461 nomeu
751 1401 811 1461 iuit
832 1403 889 1460 aut
909 1416 928 1460 a
948 1402 1085 1475 posteris
1104 1384 1217 1461 datum
1234 1402 1294 1475 est,
1308 1397 1469 1459 desumsit

200 1507 428 1579 argumentum
464 1504 617 1563 carminis
652 1503 816 1576 aliquanto
852 1502 984 1564 maioris
1016 1503 1168 1563 ambitus,
1208 1501 1334 1561 Achillia
1371 1500 1467 1574 irem,

199 1614 290 1684 μῆνιν
313 1608 441 1682 Ἀχιλῆος
465 1621 500 1664 se
523 1607 730 1665 cantaturum
755 1606 787 1664 in
807 1605 876 1678 ipso
894 1604 999 1679 operis
1018 1605 1152 1664 introitu
1171 1603 1348 1679 profitetur.
1370 1601 1468 1662 Cuius

200 1707 354 1767 carminis
384 1707 464 1766 haec
495 1706 561 1766 iere
594 1721 726 1765 summa
757 1706 834 1765 iuit:
867 1707 1091 1780 Agamemnon
1120 1706 1313 1766 Graecorum
1338 1704 1468 1764 Troiam

200 1808 455 1883 oppugnantium
485 1809 551 1867 dux
582 1811 754 1882 postquam
785 1807 957 1867 insolentia
987 1822 1047 1867 sua
1078 1808 1185 1868 effecit
1216 1809 1252 1867 ut
1282 1808 1407 1880 pestem
1435 1806 1469 1864 in

201 1910 309 1983 copias
339 1910 531 1969 immitteret
557 1909 680 1983 Apollo,
704 1909 835 1983 iusuper
858 1909 983 1968 rixatur
1006 1924 1080 1969 cum
1104 1907 1230 1968 Achille
1252 1909 1386 1968 heroum
1411 1907 1469 1967 for·

199 2011 328 2070 tissime
349 2013 382 2070 et
401 2012 596 2084 gravissima
615 2025 690 2070 eum
710 2009 907 2070 contumelia
925 2008 1034 2069 afficit.
1063 2010 1232 2069 iracundia
1254 2009 1471 2069 effervescens

200 2112 343 2172 Achilles
366 2127 385 2171 a
408 2112 491 2172 bello
514 2112 740 2172 abstenturum
764 2127 800 2170 se
827 2112 914 2170 iurat
936 2112 1036 2170 donec
1059 2112 1120 2170 sibi
1143 2109 1293 2184 satisfiat,
1314 2112 1347 2170 et
1366 2111 1472 2170 mater

201 2214 271 2273 eius
312 2213 423 2273 Thetis
466 2214 576 2273 iovem
612 2214 780 2287 permovet
812 2213 964 2272 iniuriam
999 2211 1064 2272 illio
1100 2228 1160 2272 suo
1194 2212 1310 2272 dilecto
1344 2211 1470 2270 illatam

200 2314 364 2388 splendide
384 2313 506 2374 ulcisci.
529 2314 617 2389 Quod
638 2316 674 2373 ut
692 2313 750 2373 ilat
769 2314 912 2388 luppiter
930 2315 1210 2387 Agamemnonem
1226 2313 1333 2374 fallaci
1345 2312 1472 2372 somnio

201 2415 336 2489 instigat
367 2416 404 2474 ut
435 2416 547 2475 urbem
579 2415 708 2475 Troiam
739 2415 793 2475 diu
824 2416 890 2475 iam
914 2415 1083 2476 obsessam
1107 2430 1239 2476 summa
1263 2415 1380 2474 virium
1400 2429 1471 2475 con·

201 2517 344 2577 tentione
377 2519 483 2590 petat;
517 2517 667 2589 quoniam
700 2518 810 2576 autem
842 2517 985 2577 Achilles
1019 2517 1151 2591 eiusque
1175 2517 1297 2577 milites
1322 2531 1342 2575 a
1364 2530 1473 2591 pugna

201 2618 374 2693 abstinent,
411 2618 523 2678 Graeci
558 2619 705 2678 hostibus
740 2619 881 2692 impares
915 2621 1002 2694 sunt,
1037 2620 1071 2678 et
1106 2621 1276 2693 postquam
1313 2606 1473 2679 vulnerati

201 2722 278 2779 sunt
297 2720 395 2779 duces
415 2721 639 2793 Agamemnon
659 2720 830 2780 Diomedes
853 2720 976 2796 Ulixes,
996 2722 1029 2780 in
1050 2722 1157 2781 castra
1175 2735 1236 2781 sua
1255 2720 1471 2795 repelluntur;

201 2821 346 2880 omnium
377 2821 515 2880 ultimus
547 2821 581 2879 in
612 2821 752 2880 statione
783 2823 894 2881 manet
918 2822 1010 2895 Aiax,
1036 2822 1094 2882 sed
1118 2822 1169 2883 hio
1192 2836 1318 2895 quoque
1340 2821 1473 2880 tandem

201 2922 312 2982 cadere
343 2922 468 2995 cogitur
499 2923 531 2982 et
563 2921 683 2982 Hector
715 2922 908 2984 Graecorum
942 2938 1043 2984 naves
1075 2925 1148 2999 igne
1172 2923 1324 2985 adoritur.
1349 2923 1386 2982 In
1410 2937 1473 2998 quo

221 3099 245 3104 -..
265 3099 395 3106 ——-

201 3220 335 3278 quisquam
360 3223 451 3279 opinor
474 3221 586 3276 dubitat;
612 3223 700 3282 itaque
722 3224 747 3269 in
767 3225 798 3270 iis
817 3237 883 3283 quae
902 3224 974 3270 urbis
992 3225 1207 3283 expugnationem
1225 3222 1382 3272 antecedunt
1401 3237 1474 3270 enar-

201 3298 287 3345 randis
313 3299 429 3346 adhiberi
455 3314 504 3346 nou
531 3303 615 3360 potuit
642 3303 691 3348 nisi
713 3303 757 3349 diu
784 3308 919 3362 postquam
944 3307 1005 3350 nuta
1029 3307 1069 3350 est
1091 3303 1176 3363 poesis
1203 3305 1275 3363 epiea
1298 3306 1325 3351 et
1341 3303 1423 3362 mythi
1441 3303 1474 3350 ad

200 3378 296 3424 bellurn
316 3379 453 3426 Troianum
472 3383 619 3439 spectantes
637 3382 733 3428 exculti
751 3386 819 3428 sunt.

233 3458 380 3505 imitatores
404 3473 434 3506 ex
461 3463 534 3520 spica
557 3461 629 3520 poesi
652 3460 683 3507 ad
706 3475 852 3509 sermonem
876 3462 1022 3521 pedestrem
1041 3463 1156 3522 epitheta
1173 3463 1358 3510 transferentes
1375 3463 1473 3523 optimo

200 3533 255 3582 inre
278 3538 335 3583 risit
358 3539 508 3585 aristoteles
532 3539 659 3586 Rhetorio.
683 3541 722 3586 III
741 3542 768 3586 3:
793 3543 823 3586 τὰ
841 3543 865 3586 el
887 3543 972 3604 ψυχρὰ
988 3545 1012 3588 dr
1028 3542 1134 3605 τὲιιαρσι
1155 3547 1254 3601 γίγνιται
1272 3544 1332 3588 κατὰ
1351 3543 1391 3602 τὴν
1408 3541 1474 3596 λέξιν·

200 3617 224 3660 ἔν
247 3632 270 3661 ta
296 3626 343 3669 τοῖς
366 3618 454 3672 διπλοῖς
477 3618 595 3675 ὀνόμασιν,
618 3616 666 3665 οἷον
684 3622 815 3684 Λυκόφρων
835 3622 890 3683 ,τὸν
909 3626 1094 3684 πολυπρόσωπον
1112 3623 1211 3684 οὐρανὸν
1229 3630 1266 3681 τῆς
1283 3626 1474 3686 μογαλοκορύφου

200 3695 255 3751 rip?
273 3697 310 3740 καὶ
330 3697 416 3754 ,darr'p
434 3699 597 3760 erarondpov,’'
617 3701 655 3745 rat
674 3702 703 3754 ὡς
721 3703 820 3764 Γοργίας
837 3703 939 3758 ὠνόμαζε
959 3704 1144 3762 ,πτωχόμουπος
1162 3701 1248 3755 xdie?
1266 3705 1314 3748 ete.

235 3769 255 3834 ¹)
273 3780 334 3819 ders
352 3774 374 3828 ἒξ
392 3777 477 3830 δεδαώς
495 3775 518 3841 (p
537 3778 597 3841 518)
615 3780 727 3825 carmina
745 3792 791 3825 sua
811 3780 909 3840 profert
927 3785 1011 3840 poeta,
1034 3781 1090 3834 θεὸς
1107 3781 1130 3826 ei
1146 3783 1264 3846 1οφροο1ν
1281 3783 1348 3839 οἴμας
1363 3785 1475 3832 παντοίας

200 3852 293 3912 diducens
311 3851 340 3915 (χ
360 3853 426 3914 847).

232 3928 252 3990 ¹)
271 3932 361 3978 Serum
379 3934 532 3981 imitatorem
551 3937 637 3995 prodit
654 3952 744 3984 versus
763 3956 776 3983 κ
794 3938 851 3997 305,
869 3938 914 3984 ubi
929 3939 1049 3985 coelitum
1065 3940 1168 3998 linguae
1187 3939 1308 3986 tribuitur
1324 3951 1372 3985 vox
1387 3939 1475 3996 ignota

199 4013 225 4054 et
251 4010 360 4056 obscura
385 4018 457 4070 μῶλυ,
484 4028 567 4073 neque
593 4017 701 4063 alterum
727 4018 804 4063 buius
829 4018 924 4063 herbae
948 4031 1039 4064 nornen
1063 4019 1146 4078 magis
1163 4020 1286 4066 usitatum
1304 4017 1380 4077 quale
1397 4017 1476 4063 inerit

199 4088 308 4135 additur.
336 4092 476 4139 videantur
494 4109 560 4153 quae
576 4098 623 4143 hac
647 4097 679 4143 de
702 4111 729 4142 re
748 4097 838 4156 scripsi
857 4098 1014 4155 Mnemosyn.
1031 4100 1094 4144 1892
1113 4112 1137 4157 p.
1157 4101 1204 4145 138
1226 4111 1291 4157 sqq,
1309 4100 1335 4144 et
1352 4097 1415 4152 era
1434 4098 1473 4143 bi.

233 4171 394 4219 Homericam
413 4175 479 4220 hauc
500 4176 601 4222 dicendi
620 4178 743 4223 rationum
764 4178 854 4223 festiva
873 4177 1015 4223 imitatione
1034 4178 1161 4237 expressit
1179 4178 1298 4224 Oratinus
1315 4177 1346 4222 ir.
1357 4176 1413 4229 815,
1428 4175 1475 4221 sed

199 4250 353 4297 Philoxenus
379 4255 403 4298 in
428 4256 561 4315 Symposio
584 4256 625 4316 (ir.
645 4252 682 4318 3³)
700 4257 725 4301 iu
751 4257 862 4302 lloruoro
880 4256 1004 4301 inritando
1025 4257 1128 4314 errarit,
1147 4256 1278 4313 vulgarem
1298 4255 1365 4300 enirn
1385 4267 1474 4300 vocem

198 4329 329 4376 lroruinum
348 4332 459 4391 liuguae.
477 4349 559 4381 raraur
579 4345 657 4394 atque
677 4336 830 4393 exquisitam
850 4336 986 4382 coelitibus
1005 4336 1103 4381 tribuit.
1129 4336 1217 4394 Neque
1239 4339 1308 4380 recte
1325 4334 1373 4378 hac
1397 4332 1429 4378 de
1448 4347 1475 4378 re

197 4408 320 4454 iudicavit
337 4411 384 4457 Dio
404 4414 490 4472 Chrys.
511 4414 545 4459 Xl
564 4428 588 4473 p.
608 4416 665 4468 315,
684 4414 728 4458 ubi
749 4414 880 4460 contendit
898 4415 1038 4461 Homerum
1058 4415 1114 4460 ideo
1133 4428 1147 4460 e
1168 4414 1256 4472 lingua
1273 4413 1379 4459 deorum
1398 4425 1475 4471 quae·

196 4486 254 4532 ‹lam
282 4490 399 4537 attulisse
432 4491 563 4549 vocabula,
596 4495 626 4538 ut
650 4493 721 4537 illam
746 4493 857 4551 linguaur
881 4507 908 4538 se
928 4493 1020 4539 uellere
1039 4494 1176 4553 divinaque
1197 4492 1302 4538 consilia
1320 4505 1475 4550 cognoscere

195 4580 223 4612 se
241 4581 315 4627 posse
334 4571 455 4630 probaret
474 4571 641 4623 auditoribus.
662 4573 817 4618 Graecorum
837 4572 878 4618 dei
897 4574 994 4623 Graece
1013 4587 1143 4635 uunquam
1166 4586 1216 4620 nou
1235 4574 1294 4617 sunt
1312 4571 1399 4618 locuti.
