3120 5124
139 433 158 500 i
185 436 215 503 6]
304 499 308 504 .
769 425 809 487 235,

188 619 277 694 Quae
312 619 342 677 si
378 619 425 677 ita
460 617 632 677 scribimus
664 620 700 676 ut
734 617 879 676 carmina
909 632 998 690 eprca
1030 615 1156 675 exarari
1192 613 1306 688 solent,
1341 613 1418 674 haec

140 720 324 780 habemus:

394 819 554 898 Νικάνδρη
578 813 603 896 μ’
631 816 781 897 ἀνέθηκεν
805 816 937 902 ἑκηβόλῳ
962 816 1101 900 ἰοχεαίρη,

395 921 492 1000 κούρη
516 921 694 981 Δεινοδίκεω
720 929 771 980 τοῦ
795 920 923 997 Ναξίου,
946 918 1043 998 ἔξοχος
1067 915 1188 992 ἀλλέων,

396 1020 589 1100 Δεινομένεος
612 1019 645 1082 δὲ
667 1021 828 1102 κασιγνήτη
855 1022 976 1100 Φράξου
1001 1016 1030 1080 δ’
1058 1017 1162 1098 ἄλοχος
1186 1044 1241 1096 μ..

144 1127 186 1185 In
206 1125 271 1186 fine
291 1124 417 1200 poetria
439 1125 518 1185 haec
536 1124 641 1183 Naxia
661 1124 821 1184 addidisse
842 1124 982 1184 creditur
1001 1123 1193 1197 particulam
1206 1120 1302 1198 μ[ήν],
1323 1137 1420 1181 sensu

148 1243 302 1303 vacuam,
338 1227 378 1286 ad
413 1225 608 1300 explendum
643 1225 766 1285 scilicet
800 1226 1047 1297 hexametrum;
1084 1225 1139 1283 alii
1171 1227 1229 1300 pls]
1262 1224 1421 1298 supplent,

148 1330 252 1390 nihilo
276 1329 435 1404 aptiorem
459 1328 533 1388 huic
555 1327 625 1386 loco
650 1327 809 1400 voculam,
838 1328 901 1386 nisi
923 1327 1015 1400 plura
1038 1326 1206 1385 additurus
1228 1327 1325 1386 fuerit
1349 1341 1422 1399 qua·

151 1431 326 1490 dratarius
351 1428 551 1489 Vocabulum
575 1430 685 1488 autern
707 1419 927 1486 HKHBOAOl
947 1427 1081 1487 mirifice
1102 1429 1269 1503 scripturn,
1289 1444 1345 1503 pro
1362 1443 1424 1501 qno

153 1523 409 1590 EEKHBOAOI
437 1530 656 1604 exportaverit
683 1530 855 1603 quispiam,
887 1529 1041 1603 lapicidae
1070 1530 1168 1588 errori
1191 1531 1302 1602 posset
1324 1529 1424 1602 impu·

155 1633 227 1709 tari,
251 1633 316 1693 nisi
340 1631 458 1692 rediret
482 1623 625 1688 ΕΚΕΒ..
653 1632 687 1690 1ο
709 1632 774 1691 alia
796 1632 1013 1705 inscriptione,
1038 1631 1130 1690 cuius
1154 1631 1336 1703 fragmenta
1356 1631 1425 1690 Deli

158 1737 233 1794 sunt
265 1736 394 1809 reperta
427 1734 520 1793 annis
558 1733 642 1792 1880
678 1735 711 1793 et
744 1733 892 1804 sequenti
927 1732 1106 1802 (Kircbhoff
1137 1728 1282 1792 Studien*
1318 1748 1347 1805 p.
1373 1733 1425 1805 83,

162 1836 294 1896 Roberts
317 1834 499 1909 Epigraphy
523 1849 551 1907 p.
577 1835 648 1907 63);
682 1834 825 1906 ipsorum
857 1833 955 1905 igitur
979 1836 1147 1905 poetarum
1171 1832 1343 1904 aliquando
1366 1833 1428 1891 suit

164 1937 238 1997 haec
268 1938 352 1996 ratio
385 1935 553 1994 scribendi.
584 1935 633 1994 Ad
666 1949 779 1994 vocem
802 1936 912 1994 autem
939 1925 1089 1992 ΑΛΕΟΝ
1114 1935 1134 1992 i.
1160 1949 1186 1993 e.
1211 1930 1322 1993 ἀλλέων
1345 1935 1428 2007 quod

170 2038 286 2113 attinet,
322 2039 413 2110 signo
444 2037 480 2093 H
507 2036 615 2095 brevis
648 2036 768 2096 vocalis
797 2036 956 2096 indicatur
987 2036 1086 2094 etiarn
1118 2038 1151 2094 in
1184 2035 1288 2109 lapide
1311 2036 1428 2096 Thasio

174 2142 256 2206 (anno
288 2139 373 2198 1882
398 2139 544 2211 reperto),
580 2152 677 2209 quem
710 2137 781 2196 vide
805 2137 888 2211 apud
912 2137 1048 2195 Roberts
1072 2136 1253 2210 Epigrapby
1277 2154 1306 2211 p.
1332 2140 1373 2197 59
1398 2139 1430 2196 et

180 2239 212 2297 61
233 2241 356 2298 annot:
383 2237 691 2312 ΠΕΙΘΟΣΙΗΡΟΝ,
713 2238 733 2297 1.
760 2254 786 2297 e.
814 2240 949 2307 Πειθοῦς
973 2235 1053 2314 ἱερόν
1078 2231 1109 2306 ¹).

216 2340 421 2413 Perantiquus
451 2339 550 2412 igitur
581 2340 633 2399 hic
666 2340 782 2398 titulus
814 2339 905 2398 Naxo
929 2339 1091 2413 oriundus,
1116 2340 1170 2411 qui
1195 2342 1227 2399 et
1251 2339 1431 2399 rudioribus

187 2439 398 2501 elementorum
432 2441 591 2516 ductibus,
623 2444 656 2500 et
686 2443 808 2501 ratione
837 2441 976 2500 molesta
998 2455 1061 2512 qua
1085 2441 1213 2514 linguae
1237 2443 1307 2500 soni
1330 2441 1431 2512 signis

190 2546 248 2600 sunt
273 2543 414 2618 indicati,
444 2543 616 2602 infantiam
648 2543 811 2615 quandam
842 2543 923 2602 artis
953 2542 1110 2602 scribendi
1137 2544 1247 2615 aperte
1269 2543 1374 2617 prodit
1398 2539 1431 2616 ²),

192 2639 236 2701 hoc
253 2645 307 2704 sibi
329 2645 428 2704 habet
450 2644 614 2718 proprium
637 2645 720 2716 qued
744 2644 853 2703 littera
877 2635 914 2716 Ε,
939 2644 1015 2703 licet
1037 2645 1187 2717 spiritum
1208 2645 1228 2702 b
1250 2642 1431 2717 significare

194 2746 287 2820 pergat,
316 2744 415 2805 simul
450 2747 561 2805 tamen
596 2749 771 2820 usurpatur
802 2745 841 2804 ad
872 2746 1077 2805 indicandam
1112 2747 1256 2805 vocalem
1289 2753 1317 2821 ᾶ,
1350 2760 1432 2817 quae

195 2840 346 2906 inlocum
377 2861 431 2906 ore
462 2861 566 2918 neque
596 2862 711 2906 verum
743 2847 838 2920 alpha
861 2847 997 2905 sonabat
1020 2862 1123 2918 neque
1156 2849 1265 2906 tamen
1291 2847 1433 2907 vocalia

197 2947 248 3002 erat
273 2947 403 3020 similis;
447 2947 641 3007 exarabatur
682 2948 780 3021 igitur
816 2939 1063 3005 ΚΛΣΙΓΝΕΤΕ
1102 2947 1228 3020 aliaque
1264 2949 1431 3008 eiusmodi.

197 3038 276 3106 Etiam
303 3050 334 3107 in
364 3048 469 3107 Naxia
498 3050 705 3124 inscriptione
737 3049 928 3109 Orchomeni
959 3051 1095 3124 reperta,
1128 3065 1209 3121 quae
1239 3052 1367 3112 saeculo
1394 3051 1433 3107 V⁰

198 3143 357 3210 adscribitur
387 3150 480 3219 (lod.
505 3152 570 3210 410
601 3151 738 3211 Roberts
768 3151 872 3225 Epigr.
905 3167 934 3224 p.
963 3152 1027 3225 68),
1060 3152 1177 3225 duplici
1212 3153 1270 3211 boc
1302 3168 1435 3211 munere

200 3241 311 3320 suatur
332 3253 463 3325 signum
489 3253 535 3310 H:

496 3354 684 3430 αλΧΣΗνωρ
709 3354 858 3411 εποιΗοεο
881 3355 930 3412 Ηο
954 3356 1100 3412 ναΧΣιοο

201 3447 323 3533 (Ἀλξήνορ
354 3450 492 3530 ἐποίησεν
522 3450 538 3513 ὁ
569 3453 701 3526 Νάξιος).
733 3454 869 3515 Secundi
900 3457 1011 3515 autem
1046 3456 1134 3515 verbi
1168 3456 1295 3514 litterae
1327 3468 1437 3513 erosae

201 3558 258 3609 num
276 3557 358 3615 recto
385 3555 451 3614 sint
474 3555 640 3630 suppletae
664 3556 802 3614 fortasse
826 3556 971 3615 dubitare
995 3557 1080 3631 licet,
1105 3560 1191 3616 certe
1215 3556 1437 3629 expectaveris

201 3653 315 3714 εκοιΕσεν
338 3659 468 3731 propter
490 3672 529 3716 ea
552 3672 634 3729 quae
659 3657 754 3717 modo
777 3658 1033 3717 observavimus

232 3751 463 3831 Distinguunrur
493 3760 604 3818 autem
637 3760 665 3815 Ε
696 3760 729 3817 et
752 3759 787 3815 H
813 3773 852 3817 ea
875 3774 973 3831 quarn
997 3760 1139 3819 vidimus
1163 3760 1286 3818 ratione
1311 3759 1343 3817 in
1367 3758 1440 3817 aliis

200 3864 298 3929 rumne
329 3860 436 3919 titulis
469 3860 595 3933 Ionicis,
632 3874 713 3932 quos
748 3861 880 3919 exhibet
910 3860 1011 3919 Roehl
1042 3860 1124 3920 IGA.
1158 3862 1233 3935 396,
1263 3861 1337 3933 397,
1375 3859 1439 3918 408

199 3955 237 4019 (tf.
264 3959 393 4021 Roberts
428 3961 532 4035 Epigr.
557 3977 586 4036 p.
613 3963 653 4022 67
685 3963 717 4020 et
748 3962 787 4020 72
809 3965 886 4034 sq.);
922 3963 1109 4021 recentioris
1144 3963 1177 4019 lri
1212 3964 1289 4020 sunt
1324 3961 1442 4019 aetatis

198 4069 274 4127 uum
301 4063 478 4123 Nicandrae
511 4063 721 4137 epigramma,
754 4063 809 4122 sed
840 4066 951 4121 tamen
975 4064 1015 4122 ad
1039 4066 1170 4122 sextum
1195 4061 1361 4122 saeculum
1385 4065 1443 4121 aut

195 4159 280 4230 quinti
300 4165 428 4224 initium
454 4164 602 4224 videntur
624 4165 793 4239 pertinere.
820 4165 900 4224 Sunt
925 4170 1037 4224 autem
1061 4166 1111 4224 iri:

219 4343 236 4409 ¹)
250 4349 337 4396 Dorice
353 4351 448 4397 dicitur
465 4352 535 4414 ῐᾶρός.
554 4375 584 4382 —-
602 4350 738 4396 Diversum
756 4350 816 4395 hinc
834 4349 879 4395 sed
898 4352 984 4395 tamen
1002 4351 1091 4394 notatu
1111 4347 1291 4406 dignissimum
1310 4350 1351 4392 est
1371 4359 1444 4392 vocc-

191 4423 266 4474 bulum
290 4431 435 4488 norm,
462 4428 530 4487 quod
553 4429 578 4473 in
596 4429 749 4487 pentametri
771 4429 840 4474 exitu
862 4428 970 4486 praebet
986 4426 1119 4485 inscriptio
1137 4425 1294 4471 Abderitana
1311 4426 1377 4472 IGA.
1396 4426 1444 4470 349

187 4505 284 4553 sotera
298 4508 445 4568 Epigraphy
463 4522 488 4567 p.
509 4508 565 4564 170,
583 4506 804 4566 pronunciandum
823 4507 901 4565 igitur
919 4511 1006 4564 narrar
1025 4501 1136 4568 (πόλιας).

214 4581 231 4644 ²)
247 4587 352 4633 Roberts
369 4587 385 4633 l.
403 4587 421 4633 l.
438 4601 464 4646 p.
483 4587 514 4632 70
532 4586 635 4632 saeculo
652 4586 712 4632 Vll⁰
729 4586 898 4645 probabiliter
916 4586 1014 4630 tribuit.
