3120 5124
752 443 816 486 va

145 611 225 675 (tum
247 615 339 691 pacis
363 616 452 677 artes
473 617 545 676 tum
569 614 646 677 belli
668 631 764 677 nemo
795 615 913 677 melius
937 616 1085 678 docuisse
1109 618 1298 679 credebatur
1319 622 1351 696 ¹),
1376 621 1416 681 ad

143 717 243 778 bonos
272 733 385 779 mores
415 717 651 778 confirmandos
681 733 777 779 nemo
802 719 902 779 fuisse
926 719 1045 780 utilior.
1070 720 1268 797 Quapropter
1290 722 1318 782 si
1341 722 1417 795 quid

143 819 177 878 in
196 818 397 881 carminibus
416 818 598 881 Homericis
616 814 674 881 aut
692 835 713 880 a
728 836 804 882 vero
817 820 987 883 abhorrere
1000 823 1237 883 videbaturaut
1248 821 1340 884 bouis
1352 839 1416 884 mo-

143 919 232 981 ribus
251 921 434 995 periculum
451 918 579 997 inferre,
600 910 684 982 mlra
703 919 849 999 artificia,
868 921 1018 996 qualibus
1037 925 1150 999 postea
1162 902 1417 986 Christianorum

144 1021 286 1096 theologi
308 1039 406 1099 saepe
432 1023 485 1084 usi
514 1026 601 1100 sunt,
629 1020 863 1085 adhibebantur
886 1025 923 1084 nt
945 1038 985 1084 ea
1007 1040 1090 1098 quae
1113 1025 1319 1100 displicerent
1342 1041 1416 1086 cnm

143 1124 334 1185 recentioris
356 1125 429 1186 aeri
447 1124 649 1200 opinionibus
672 1108 927 1187 conciliarentur.
953 1125 1004 1187 Sic
1025 1125 1237 1202 Thucydides,
1258 1127 1287 1188 is
1305 1129 1418 1188 tamen

143 1240 207 1286 non
230 1225 383 1287 credulus
404 1227 511 1303 homo,
536 1241 612 1286 cum
635 1227 733 1288 sciret
751 1227 912 1303 Boeotios,
936 1217 991 1300 qni
1013 1227 1046 1287 in
1067 1228 1207 1288 Navium
1231 1229 1418 1289 recensione

144 1327 180 1395 (Β
203 1328 392 1397 494-510)
425 1326 576 1389 dicuntur
609 1344 684 1390 cum
719 1330 836 1390 ceteris
871 1315 1066 1390 Graecorum
1104 1330 1254 1403 gentibus
1288 1329 1417 1391 Troiam

142 1443 358 1507 oppugnasse,
389 1431 463 1505 post
493 1420 651 1491 eversam
673 1432 807 1492 demum
830 1430 960 1491 Troiam
983 1431 1016 1491 in
1040 1430 1216 1508 regionem,
1239 1446 1322 1517 quae
1345 1431 1418 1492 dein
1519 1419 1520 1422 '

143 1530 184 1591 ab
207 1529 289 1606 ipsis
311 1531 444 1593 Boeotia
466 1516 553 1593 dicta
576 1534 636 1609 est,
662 1532 790 1593 venisse
810 1532 896 1606 ferri,
920 1533 1003 1593 hanc
1026 1547 1097 1592 rem
1117 1549 1181 1593 non
1201 1534 1247 1593 ita
1267 1533 1418 1608 expedire

142 1646 245 1692 ausus
280 1635 333 1694 est
365 1634 402 1694 ut
435 1634 493 1694 aut
522 1633 640 1694 falsam
672 1634 755 1694 hanc
785 1633 909 1694 tamam
941 1649 1013 1695 esse
1042 1635 1163 1696 diceret
1194 1637 1252 1695 aut
1274 1634 1419 1712 catalogi

142 1734 312 1795 auctorem
345 1750 410 1796 non
439 1751 482 1797 ex
513 1751 589 1797 vero
619 1736 763 1811 pinxisse
793 1735 1014 1797 condicionem
1047 1735 1199 1797 Graeciae
1229 1724 1312 1810 quae
1342 1728 1418 1797 ante

141 1834 266 1896 bellum
290 1835 466 1898 Troianum
488 1837 636 1913 obtinuit,
664 1838 721 1898 sed
741 1837 849 1899 fallaci
869 1838 1150 1912 argumentatione
1168 1838 1201 1898 id
1214 1835 1340 1898 efficere
1353 1839 1417 1898 stu·

142 1936 214 1998 duit
236 1938 276 1997 ut
297 1938 332 1998 in
353 1936 485 1999 Boeotia
507 1937 628 2000 henne
644 1938 769 2000 Boeotii
788 1938 977 2013 prinsquam
994 1938 1071 1998 illuc
1091 1939 1273 2012 migranmt
1285 1934 1317 2009 ²).
1343 1938 1418 1999 Tru·

141 2030 289 2112 galitatis
311 2040 491 2115 praeceptis
513 2055 596 2114 quae
618 2041 726 2116 pueris
749 2040 940 2101 inculcanda
962 2041 1103 2104 suntne
1128 2055 1305 2114 repugnare
1335 2040 1418 2100 ride·

141 2143 232 2202 retur
254 2140 392 2202 Achillis
414 2141 494 2203 illud
513 2143 553 2204 ad
577 2142 761 2204 Patroclum
785 2142 920 2203 verbum
946 2139 1106 2221 ζωρότερον
1130 2137 1162 2201 δὲ
1185 2138 1322 2220 ciperet
1343 2143 1418 2219 203,

141 2242 232 2305 fuero
260 2244 316 2319 qui
347 2241 384 2304 οὗ
411 2241 444 2305 τὸ
467 2240 651 2324 ἄκρατον,
673 2241 713 2317 ὡς
737 2234 921 2321 οἰνόφλαξιν,
943 2240 1017 2303 ἀλλὰ
1039 2241 1072 2303 τὸ
1095 2237 1249 2303 θᾶττον
1267 2235 1418 2318 interpre-

138 2346 297 2422 tarentur,
322 2344 444 2407 laudati
467 2346 593 2408 scilicet
614 2361 689 2407 eam
712 2347 751 2408 ob
775 2360 909 2408 eausam
933 2344 973 2405 ab
997 2343 1173 2406 Aristotele
1198 2345 1286 2407 Poet.
1308 2343 1417 2405 XXVI

140 2446 160 2515 5
185 2447 236 2508 16.
260 2447 300 2506 In
324 2447 472 2508 versibus
495 2448 722 2523 pulcherrimis
748 2448 773 2508 Θ
796 2449 860 2510 555
887 2463 936 2522 sq.

348 2544 389 2621 ὦς
412 2543 439 2608 δ’
466 2543 504 2608 dr’
528 2545 561 2609 ἓν
584 2547 704 2635 οὐρανῷ
728 2546 820 2629 ἄστρα
842 2539 972 2628 φαεινὴν
995 2545 1073 2628 ἀμφὶ
1096 2548 1223 2627 σελήνην

348 2644 459 2727 φαίνετ’
484 2648 657 2732 ἀριπρεπέα,
681 2651 728 2713 ὅτε
750 2646 770 2712 τ’
798 2650 897 2713 ἔπλετο
921 2650 1049 2730 νήνεμος
1072 2649 1166 2731 abibo

139 2767 182 2812 ue
210 2751 308 2814 lunae
338 2752 462 2828 fulgore
492 2754 584 2829 ignes
617 2754 760 2816 minores
797 2756 1032 2830 premerentur,
1069 2754 1158 2814 fuere
1197 2752 1252 2827 qui
1287 2753 1416 2814 interlu-

140 2853 232 2914 nium
262 2854 409 2916 iacerent
438 2847 620 2917 admirabili
652 2857 711 2918 hoc
733 2854 869 2918 artificio
892 2858 931 2916 nt
954 2856 1081 2916 litteras
1105 2855 1242 2916 traditas
1265 2856 1417 2931 interpre-

141 2956 290 3017 tarentur
319 2954 390 3032 φάει
418 2964 477 3036 νῆν
508 2958 583 3029 (lucc
612 2962 747 3035 nouam),
772 2958 947 3019 contractis
971 2957 1144 3018 verborum
1168 2957 1282 3018 formis
1306 2946 1417 3018 lumen

178 3175 196 3241 ι)
211 3177 269 3227 Τιᾱ.
287 3191 310 3226 e.
327 3191 352 3238 g.
370 3179 413 3227 Ar.
428 3180 490 3228 Bam
510 3181 575 3228 1⁰³4
594 3194 665 3241 sqq.:

439 3312 441 3316 ,
927 3260 941 3306 ὁ
958 3260 983 3306 et
1000 3264 1065 3312 θιῖος
1076 3256 1175 3323 Ὅμηρος

375 3337 424 3386 &nt
442 3340 483 3387 τοῦ
499 3337 567 3399 τιμὴν
583 3341 621 3386 aul
639 3339 703 3395 ntiae
718 3339 767 3400 Ῐχιι
785 3338 845 3400 πλὴν
862 3338 929 3387 τοῦδ’
950 3339 985 3386 ὅτι
1003 3336 1085 3402 χρήστ’
1105 3330 1201 3392 ὶδίδοέι,

376 3417 450 3474 πάξαις
466 3420 549 3484 ἅρπας
568 3419 669 3474 ὁπλίσας
687 3419 792 3484 droam
1328 3463 1330 3466 Α

141 3507 207 3555 quae
233 3497 312 3546 rerba
337 3501 440 3559 poetam
465 3497 662 3560 Aristophanem
685 3500 778 3558 poetae
800 3498 927 3557 Aeschylo
952 3497 984 3544 de
1008 3497 1085 3556 poeta
1101 3495 1214 3543 Homero
1231 3493 1348 3554 loquenti
1366 3510 1416 3542 non

141 3593 185 3639 per
209 3579 296 3627 iocum
322 3577 369 3626 aed
400 3579 467 3627 serio
491 3579 606 3628 tribuere
631 3579 756 3640 potuisse,
788 3580 828 3625 est
853 3577 923 3636 quod
946 3577 1055 3623 mireris.
1079 3574 1179 3622 Similia
1201 3575 1324 3634 leguntur
1347 3574 1415 3634 apud

142 3657 255 3724 Konopla
274 3658 378 3706 Oonviv.
396 3657 432 3706 lv
448 3658 463 3718 5
481 3660 496 3706 fl
514 3671 585 3719 sqq.:
604 3660 654 3706 lora
671 3658 748 3717 δήπου
765 3659 800 3706 ὅτι
816 3657 915 3722 Ὅμηρος
933 3658 945 3703 d
969 3660 1104 3720 σοφώτατος
1127 3659 1237 3715 πεποίηκε
1260 3655 1347 3715 σχεδὸν
1364 3656 1416 3719 περὶ

145 3741 233 3785 πάντων
252 3745 299 3784 τῶν
315 3739 478 3803 ἀνθρωπίνων.
496 3737 560 3793 ὅστις
579 3735 608 3784 ἃν
626 3733 666 3785 οὖν
683 3739 747 3796 ὑμῶν
763 3739 876 3800 βούληται
894 3735 906 3796 ἢ
925 3735 1068 3794 chararitate
1087 3733 1099 3794 ἢ
1118 3734 1272 3797 δημηγορικός
1289 3732 1301 3795 ἢ
1318 3749 1416 3798 στρατη-

145 3817 204 3874 γικός
229 3818 381 3876 revictae...
396 3817 436 3873 pn
461 3816 617 3881 θιραπινὸνω·
643 3819 687 3875 ἐγὼ
713 3818 757 3881 γὰρ
783 3823 857 3863 ταῦτα
879 3819 956 3862 πάντα
980 3818 1114 3871 ἐπίσταμαι.
1138 3814 1180 3860 Sic
1197 3813 1285 3860 iocans
1302 3811 1416 3871 loquitur

145 3910 206 3956 puer
230 3897 374 3954 Niceratus,
400 3896 444 3957 qui
467 3896 608 3944 Homerum
631 3897 779 3944 memoriter
795 3898 874 3944 tenet
893 3895 1011 3943 Graviter
1029 3908 1090 3942 uero
1107 3894 1175 3940 hano
1194 3892 1342 3953 opinionem
1368 3892 1415 3939 im·

146 3980 239 4037 pugnat
263 3978 384 4025 Βοοηὲοα
407 3975 477 4037 apud
494 3977 627 4024 Platonem
650 3977 713 4038 itep.
737 3976 759 4022 X
780 3990 805 4035 p.
822 3973 902 4023 bttd:
926 3992 995 4022 ανον
1010 3976 1126 4031 ἀκούομεν
1144 3974 1179 4020 ὅτι
1197 3969 1260 4019 οὗτοι
1278 3970 1416 4033 (Homerus

147 4058 237 4117 quique
258 4069 319 4105 oum
338 4059 399 4103 sunt
415 4054 534 4118 macuti)
554 4059 631 4111 πάσας
646 4058 689 4116 μὴ
706 4056 790 4116 silvae
806 4058 950 4110 intotonat,
968 4057 1046 4102 πάντα
1063 4054 1089 4100 dt
1105 4055 1134 4100 τὰ
1157 4055 1294 4115 ἀνθρώπεια
1311 4052 1341 4097 τὰ
1358 4052 1416 4117 πρὸς

146 4136 223 4200 ἀραιήν
231 4138 270 4183 mi
280 4139 371 4189 κακίαν,
385 4135 423 4181 xci
444 4137 472 4180 ad
489 4153 515 4194 γι
530 4140 594 4196 θεῖα,
612 4137 660 4183 etc.
672 4159 702 4168 -
712 4134 834 4183 vetustae
849 4136 934 4180 autem
949 4133 1027 4181 huius
1044 4131 1175 4179 (techinae
1193 4130 1257 4178 echo
1274 4131 1416 4192 percipitur

147 4210 411 4262 monumnenta
427 4213 493 4261 libro
508 4213 551 4262 die
565 4212 774 4262 Hilittmediain
787 4212 905 4260 Homer'a
924 4213 997 4274 1879,
1020 4211 1065 4271 qni
1082 4211 1287 4257 demonstratum
1305 4211 1414 4257 iritme-

148 4292 229 4342 diem
245 4294 327 4342 fuine
344 4293 493 4351 Homerum,
509 4293 607 4355 quippe
623 4293 716 4340 artium
734 4292 893 4351 chirurgicae
911 4293 988 4351 atque
1006 4290 1164 4337 anatomioae
1182 4289 1375 4350 peritissimum.

176 4372 269 4432 hvid
296 4373 377 4421 Thus.
403 4371 416 4418 1
439 4372 479 4420 lt.
502 4372 567 4420 Nam
587 4375 683 4434 parim
706 4374 807 4418 tantum
832 4384 921 4419 eorum
941 4373 1003 4418 tuuc
1021 4369 1146 4429 temporis
1162 4369 1216 4415 illic
1234 4368 1328 4415 viriam
1346 4368 1415 4427 quod

148 4451 211 4511 dicit,
236 4453 263 4501 id
286 4452 352 4500 nihil
374 4463 431 4499 uae
453 4451 581 4499 nemiuem
605 4452 695 4511 fugere
718 4454 815 4511 potest;
841 4464 891 4498 uon
911 4451 978 4498 enim
996 4464 1028 4498 ex
1044 4462 1097 4496 uno
1115 4449 1237 4510 paucisve
1253 4449 1317 4495 loeis
1336 4448 1415 4495 sede

146 4536 231 4581 cuneta
253 4532 300 4579 ilia
328 4530 442 4592 regione,
464 4531 539 4578 ouius
557 4530 645 4590 plures
663 4533 846 4578 enumerantur
870 4531 987 4577 civitates
1010 4542 1089 4589 quam
1107 4532 1250 4576 ceterarum
1268 4527 1414 4584 cuiuslibet,

147 4613 316 4660 convenerunt
333 4609 424 4671 copiae
440 4622 506 4669 quae
524 4610 551 4656 lu
568 4609 691 4669 Oatalogo
706 4610 723 4656 l.
741 4609 758 4656 L
776 4611 1017 4657 commemorantur.

1309 4692 1336 4736 μ
