3120 5124
752 415 807 459 LXI

143 589 308 650 admodum
344 589 508 663 glossema
544 588 642 668 φυγάς
677 590 848 663 appingere
885 589 1034 649 solebant
1068 589 1289 665 glossographi
1311 596 1343 666 ¹),
1380 595 1413 652 et

142 690 232 750 ἴαται
274 689 440 769 ἐπιβαίνειν
484 694 568 766 apud
607 693 786 752 Homerum
822 693 897 765 quid
932 694 1021 754 esset
1056 708 1255 766 quamquam
1291 696 1412 755 dixeris

140 795 299 854 neminem
330 795 475 868 potuisse
506 796 640 871 nescire,
673 795 834 867 ignoravit
865 798 976 856 tamen
1006 794 1104 854 Rhesi
1137 795 1265 856 fabulae
1289 800 1411 873 auctor,

140 897 188 968 qui
217 895 307 956 male
339 896 503 957 intellecto
536 911 632 955 versu
656 896 684 953 li
709 898 772 955 613
797 895 929 955 Ulixem
954 896 987 956 et
1009 895 1197 956 Diomedem
1222 898 1313 970 equis
1337 899 1411 958 insi·

140 999 247 1058 dentes
278 1000 313 1058 in
344 1001 452 1059 castra
484 998 679 1058 Graecorum
704 999 840 1058 remisit.
873 998 978 1058 Verha
1006 995 1079 1068 Διὸς
1103 991 1133 1056 δ’
1159 994 1292 1058 ἐτελείετο
1316 999 1411 1078 βουλή

140 1103 164 1156 A
194 1102 213 1160 ὃ
245 1101 342 1174 poeta
372 1099 649 1183 quifltlypriorum
681 1101 835 1160 carminis
866 1100 996 1160 initium
1028 1099 1211 1174 composuit
1241 1117 1410 1176 perperam

139 1200 367 1276 interpretatus
396 1204 447 1262 est
476 1202 515 1262 de
546 1202 623 1261 Iove
653 1201 825 1262 consilium
850 1201 890 1261 ad
914 1200 1036 1261 bellum
1060 1200 1235 1261 Troianum
1260 1203 1409 1263 ciendum

139 1302 276 1376 ineunte,
302 1303 339 1360 ut
361 1300 540 1362 multorum
560 1303 730 1362 hominum
750 1303 847 1363 caede
867 1305 989 1362 terram
1010 1304 1218 1377 exonerarem
1241 1305 1274 1363 et
1297 1318 1409 1364 vocem

139 1401 223 1460 πάλιν
252 1399 458 1481 πλαγχθέντας
488 1407 517 1460 A
542 1404 582 1463 69
615 1404 654 1463 de
685 1404 801 1463 iteratis
831 1403 993 1462 erroribus
1021 1402 1182 1476 accipiens
1205 1404 1292 1463 idem
1316 1404 1412 1466 flnxit

139 1504 274 1576 priorem
306 1503 501 1565 Graecorum
532 1506 769 1580 expeditionem
800 1521 820 1565 a
843 1506 982 1580 Telepho
1006 1504 1096 1578 Myso
1120 1506 1294 1580 repulsam.
1320 1507 1408 1584 Quod

140 1606 161 1662 Β
183 1607 247 1666 670
271 1605 311 1666 de
333 1606 530 1667 Rhodiorum
554 1607 766 1681 prosperitate
785 1609 881 1681 poeta
901 1607 985 1666 dixit
1004 1622 1077 1681 σφιν
1095 1604 1256 1667 θεσπέσιον
1281 1612 1411 1668 πλοῦτον

139 1704 269 1784 κατέχευε
300 1707 439 1784 Κρονίων
466 1709 623 1769 Pindarus
646 1709 685 1768 ad
709 1709 854 1769 litteram
877 1709 924 1768 ita
948 1708 1071 1782 accepit
1095 1711 1132 1768 ut
1156 1725 1273 1770 aurum
1296 1711 1331 1770 in
1354 1711 1410 1771 illa

139 1809 264 1880 regione
286 1808 409 1882 pluisse
430 1811 569 1884 putaret,
594 1809 647 1868 vid
671 1809 719 1869 01.
745 1809 804 1869 Vll
825 1810 877 1883 62,
900 1810 941 1869 89
962 1824 1009 1882 sq.
1025 1810 1178 1871 —Dione
1200 1827 1275 1871 cum
1296 1813 1324 1868 Ε
1344 1813 1410 1872 410

139 1923 203 1982 sqq.
227 1909 266 1968 de
291 1909 444 1969 Diomede
467 1910 500 1969 in
524 1909 691 1982 Olympios
714 1910 813 1969 nimis
836 1910 950 1969 audaci
974 1911 1021 1969 ita
1044 1911 1153 1972 locuta
1177 1917 1282 1973 esset:
1307 1918 1408 1973 caveat

139 2009 182 2067 dte
203 2025 242 2068 ma
263 2025 295 2068 aa
315 2011 438 2084 fortiori
459 2025 535 2069 mom
559 2014 711 2086 occurrat,

403 2109 547 2188 μὴδίὴν
571 2110 736 2190 Αἰγιάλεια,
757 2110 911 2191 περίφρων
935 2112 1118 2193 Ἀδρηστίνη,

403 2209 432 2284 ἐξ
455 2211 554 2272 ὕπνου
579 2211 711 2291 γοάουσα
735 2212 842 2287 φίλους
864 2214 994 2290 focariae
1019 2212 1125 2299 ἐγείρῃ,

140 2314 244 2373 uxoris
276 2314 402 2374 luctum
433 2314 597 2374 infinitum
628 2315 667 2374 ob
692 2316 848 2375 maritum
873 2317 1016 2376 occisum
1042 2318 1137 2378 claris
1161 2319 1268 2379 verbis
1290 2319 1409 2393 signifi·

138 2431 221 2490 cana,
253 2418 384 2492 posteri,
415 2419 449 2477 in
480 2417 532 2476 his
562 2415 784 2491 Mimnermus,
808 2417 882 2476 inde
905 2418 1081 2478 effecerunt
1104 2419 1171 2479 fore
1194 2422 1231 2479 ut
1255 2420 1408 2493 Aegialeo

140 2516 271 2577 Veneris
290 2518 435 2578 stimulis
454 2519 587 2578 incensa
606 2532 680 2578 cum
700 2518 804 2578 servis
825 2533 940 2592 corpus
959 2520 1121 2594 misceret,
1142 2521 1266 2594 decepti
1283 2522 1407 2582 scilicet

140 2620 295 2680 adiectivo
326 2621 442 2696 φίλους.
473 2621 679 2681 Adiectivum
711 2624 792 2679 τοῖον
817 2619 925 2680 valere
949 2617 1067 2699 ἀγαθόν
1091 2620 1179 2681 fuere
1203 2623 1257 2694 qui
1281 2625 1408 2684 conten-

139 2721 249 2781 dereut
269 2720 301 2796 ²),
328 2720 416 2781 τόσον
439 2723 550 2783 autem
574 2730 657 2800 σῶμα
679 2722 882 2796 interpretati
905 2724 983 2781 suut
1005 2722 1151 2782 nonnulli
1178 2725 1212 2780 Ψ
1225 2725 1300 2797 464,
1324 2724 1409 2784 unde

140 2821 232 2881 iluxit
267 2822 287 2882 l.
313 2837 342 2882 a.
374 2819 475 2899 δέμας,
504 2825 537 2883 et
568 2821 662 2900 αὐτήν
693 2824 803 2883 Β317
836 2825 868 2881 Χ
889 2824 930 2882 83
962 2827 1097 2882 matrem
1129 2824 1310 2897 significare
1346 2841 1409 2886 ore·

139 2921 300 2996 diderunt;
333 2923 463 2985 dualem
490 2939 663 2985 numerum
695 2939 750 2998 pro
782 2924 898 2998 plurali
928 2924 968 2983 ab
999 2925 1098 2998 epicis
1134 2927 1237 2999 poetis
1264 2927 1409 3000 potuisse

139 3023 280 3083 adhiberi
311 3026 431 3098 posteri
458 3026 531 3086 inde
562 3042 582 3086 a
612 3027 675 3086 ΙΙΙ0
698 3028 773 3086 aute
805 3025 876 3086 Chr.
906 3026 1035 3086 saeculo
1066 3027 1128 3086 sibi
1167 3031 1406 3103 persuaserunt,

140 3139 212 3184 cum
235 3140 253 3184 e
277 3127 442 3187 communi
466 3128 533 3187 vita
556 3128 660 3188 dualis
684 3129 872 3188 evanuisset
892 3131 932 3203 8);
959 3130 1149 3202 pronomina
1173 3145 1229 3204 σφε
1250 3132 1283 3190 et
1306 3151 1354 3188 νιν
1375 3130 1407 3188 in

139 3227 334 3301 tragicorum
365 3228 474 3302 lingua
505 3231 584 3289 nihil
614 3245 677 3290 non
708 3230 908 3304 significasse
939 3231 1053 3290 notum
1082 3234 1133 3291 est
1153 3232 1192 3305 ⁴);
1217 3232 1409 3292 correlative

140 3328 178 3387 ab
219 3329 361 3390 Homero
399 3331 544 3404 potuisse
578 3333 755 3405 permutari
789 3331 978 3406 Apollonius
1011 3332 1155 3392 Rhodius
1190 3331 1407 3394 Callimachus

140 3430 320 3491 Zenodotus
343 3431 398 3491 alii
421 3432 582 3492 credidere
605 3432 700 3492 multi
721 3432 753 3501 ⁵).

182 3532 368 3606 Originandi
409 3535 519 3593 autem
556 3532 662 3607 libido,
698 3534 731 3592 in
766 3535 986 3608 sophistarum
1022 3535 1142 3595 scholis
1175 3537 1262 3612 nata,
1298 3536 1408 3596 damni

170 3775 188 3839 ¹)
205 3777 262 3824 Vid.
280 3778 360 3825 schol.
379 3780 406 3826 Ξ
422 3778 478 3834 117,
495 3778 577 3837 Apoll.
596 3779 645 3824 lex.
664 3794 684 3824 s.
703 3793 736 3834 v.,
754 3780 835 3826 Lehre
853 3775 942 3825 ltrist.²
961 3794 986 3839 p.
1006 3782 1062 3827 105.

169 3855 190 3918 ²)
205 3857 291 3905 schol.
312 3861 338 3903 Ψ
354 3858 393 3916 16,
411 3857 483 3903 Euat.
502 3857 534 3902 ad
552 3857 566 3902 δ
585 3858 641 3904 206.

169 3933 189 3994 ³)
206 3936 262 3983 vid.
280 3936 349 3982 infra
368 3935 381 3993 5
401 3935 440 3981 53.

168 4013 187 4072 ⁴)
206 4016 262 4062 vtd.
280 4015 347 4061 inira
366 4015 379 4072 5
398 4016 429 4060 92
447 4027 506 4074 pag.
525 4015 580 4060 254.

169 4092 188 4156 ³)
206 4095 262 4142 vid.
283 4110 306 4142 e.
324 4108 350 4152 g.
375 4093 467 4140 Zenod.
486 4094 564 4139 1447
581 4102 644 4139 τοῖαι
662 4091 786 4155 (perolent),
805 4098 836 4139 M
854 4095 885 4141 75
903 4097 945 4148 τὼς
963 4093 1187 4156 (quemadmodum),
1205 4098 1288 4157 apoll.
1307 4099 1353 4144 Rh.
1371 4099 1406 4145 IV

141 4175 199 4221 1700
224 4175 278 4221 αὐδ·
299 4175 373 4220 ὅσσοι
390 4169 430 4235 (ne
447 4170 570 4218 tantillum
588 4170 702 4235 quidem),
719 4175 781 4220 item
799 4175 897 4221 Gallim.
915 4175 941 4221 h.
959 4176 1042 4234 apoll.
1061 4178 1101 4235 37,
1120 4179 1160 4233 81,
1178 4180 1209 4223 94
1227 4180 1253 4224 et
1271 4178 1330 4224 anni
1348 4183 1408 4238 post

139 4254 193 4302 chr.
218 4257 250 4302 34
277 4253 414 4313 inscriptio
440 4248 500 4300 618⁵
524 4253 624 4299 Kaibel.
647 4255 809 4313 Quapropter
832 4255 1009 4314 Aristophanis
1031 4256 1123 4302 comici
1146 4269 1236 4302 versus
1253 4258 1312 4304 Pac.
1331 4259 1362 4304 37
1381 4259 1406 4304 iu

138 4334 236 4382 scholiis
253 4333 351 4381 dicitur
367 4332 439 4380 utilis
455 4345 512 4379 esse
530 4332 562 4378 ad
580 4333 724 4380 docendum
742 4333 804 4392 quid
823 4334 923 4381 intersit
941 4335 1009 4381 inter
1025 4334 1132 4381 relativa
1149 4338 1176 4382 el
1192 4336 1406 4388 demonstrativa:

139 4413 187 4466 αιάς
207 4418 249 4468 ἕως
271 4412 364 4460 σαυτὸν
388 4414 472 4465 λάθοις
493 4411 634 4476 διαρραγείς]
658 4408 806 4473 (apprimum)
829 4414 864 4458 ὅτι
889 4416 914 4459 ἐκ
937 4417 1082 4476 παραλλήλου
1099 4421 1171 4460 κεῖται
1189 4414 1215 4459 τὸ
1233 4419 1273 4469 tm
1290 4417 1327 4461 καί
1346 4425 1406 4468 τὲως,

139 4496 171 4540 καὶ
192 4497 225 4542 ὅτι
248 4498 280 4549 α1,·
305 4492 436 4550 ὑπόδειγμα
456 4496 576 4555 χρήσιμαι.
594 4494 664 4540 Haec
683 4507 785 4552 qnoque
804 4493 941 4551 aliquando
959 4495 1064 4540 Graecis
1081 4495 1144 4552 ipsis
1163 4494 1284 4541 discenda
1302 4495 1407 4541 inerunt

139 4572 221 4630 igitur!
240 4599 271 4607 -
294 4572 334 4617 Of.
354 4570 421 4616 iufra
439 4571 452 4629 5
471 4569 538 4618 3331.
