3120 5124
671 432 778 477 XXXVI

84 605 195 666 tudine
215 604 366 679 primitus
385 602 618 679 cohaesissent,
640 618 752 664 crassa
767 603 911 665 Minerva
919 604 1091 678 aliquando
1103 607 1181 666 sunt
1191 608 1356 682 consutae,

82 708 121 767 ut
149 707 240 781 pueri
263 707 429 768 ludibundi
452 705 539 766 nivis
561 706 713 766 flocculos
736 708 860 767 temere
884 721 1032 768 corraeos
1054 707 1088 768 in
1109 708 1194 783 pilae
1217 708 1358 769 formam

84 811 219 886 cogunt;
243 810 300 870 sed
320 809 480 884 aptiorem
503 809 681 882 imaginem
703 809 858 883 praebent
880 810 1046 883 grandinis
1076 825 1188 887 grana,
1219 825 1357 884 quorum

83 913 220 974 nucleus
250 913 289 973 de
324 912 427 973 solida
457 911 559 985 glacie
582 912 756 986 postquam
778 912 952 988 concrevit,
975 927 1055 973 mox
1077 912 1156 972 dum
1180 912 1270 973 renti
1292 914 1355 972 tur·

84 1015 157 1074 bine
187 1015 220 1075 in
251 1029 370 1089 gyrum
401 1013 631 1087 circumagitur
661 1027 773 1089 unam,
804 1013 896 1089 duas,
921 1013 1044 1073 multas
1066 1014 1204 1088 denique
1227 1015 1356 1074 tunicas

83 1117 187 1177 induit
209 1117 248 1177 de
278 1116 393 1191 pruina
424 1114 548 1176 sensim
578 1114 776 1192 adhaerenti,
809 1114 883 1176 illas
915 1129 1041 1189 quoque
1078 1117 1148 1176 arte
1180 1130 1255 1175 cum
1286 1115 1355 1190 ipso

82 1217 196 1279 nucleo
238 1218 436 1293 coniunctae,
482 1216 539 1277 sed
573 1216 682 1276 minus
716 1216 903 1293 pellucidae,
941 1218 1051 1279 minus
1086 1217 1281 1293 aequabiles,
1323 1219 1356 1277 et

83 1318 201 1381 affixas
223 1321 363 1394 tantum,
387 1334 451 1378 non
474 1333 575 1378 unum
600 1334 676 1378 cum
699 1333 737 1379 eo
761 1334 876 1393 corpus
900 1317 1087 1380 efficientes.

704 1567 746 1628 Π.

127 1755 261 1817 Saeculo
294 1757 370 1816 ante
408 1753 571 1815 Christum
607 1756 722 1814 natum
758 1754 848 1813 Vlll⁰
878 1754 1014 1815 Iliadem
1044 1756 1142 1827 atque
1173 1753 1352 1827 Odysseam

83 1857 166 1918 tales
184 1858 251 1917 iere
271 1856 385 1929 quales
408 1855 447 1915 ad
471 1870 529 1915 nos
553 1858 769 1929 pervenerunt
790 1855 941 1915 extitisse
961 1856 1043 1915 satis
1063 1859 1189 1915 certum
1202 1857 1262 1915 est.
1282 1854 1352 1914 Non

83 1958 169 2020 male
198 1959 297 2031 igitur
322 1956 505 2017 Herodotus
524 1956 545 2025 ¹)
568 1957 689 2016 sumsit
712 1955 891 2016 Hesiodum
914 1958 1011 2029 atque
1035 1955 1215 2017 Homerum
1238 1948 1353 2029 quarto

82 2059 149 2120 iere
172 2061 248 2119 ante
271 2073 366 2119 enam
389 2058 492 2132 ipsius
515 2059 659 2118 aetatem
683 2057 813 2118 saeculo
838 2058 960 2118 vixisse
981 2055 1012 2127 ²).

126 2160 284 2220 Videntur
305 2160 417 2219 autem
440 2158 585 2219 carmina
607 2158 698 2232 spica
719 2158 908 2219 hodiernam
928 2173 1024 2219 suam
1042 2159 1182 2219 formam
1202 2158 1235 2218 in
1255 2158 1353 2218 Asiae

82 2275 138 2320 ora
168 2259 358 2321 occidentali
387 2251 552 2320 induisse(
565 2259 647 2320 illuc
673 2260 805 2333 mythos
836 2275 914 2320 euos
937 2276 954 2321 e
977 2260 1082 2334 patria
1112 2273 1225 2319 secum
1250 2261 1353 2320 trans

81 2361 227 2421 tulerunt
260 2360 364 2421 coloni
400 2359 513 2420 Graeci
535 2364 567 2435 ³),
610 2362 644 2420 et
680 2361 714 2420 in
744 2360 941 2435 civitatibus,
973 2375 1056 2433 quae
1086 2360 1171 2422 laete
1201 2361 1245 2420 ibi
1274 2363 1352 2422 tunc

82 2462 238 2537 temporis
274 2462 459 2521 mercatura
489 2459 707 2536 effloruerunt,
748 2460 815 2520 vita
854 2460 976 2521 beatior
1004 2461 1213 2535 mitioresque
1244 2473 1353 2522 mores

82 2564 209 2636 egregie
232 2563 383 2623 faverunt
405 2560 503 2635 poesi.

124 2664 187 2722 Vix
217 2663 391 2736 quicquam
422 2664 533 2722 autem
563 2662 648 2722 inter
678 2677 716 2721 ea
746 2677 828 2734 quae
858 2661 938 2722 illud
969 2677 1088 2722 aerum
1119 2662 1195 2723 tulit
1218 2663 1352 2724 maioris

80 2765 141 2824 init
172 2764 330 2824 momenti
360 2764 400 2824 ad
423 2764 592 2823 hominum
616 2764 745 2837 ingenia
767 2763 971 2823 informanda
993 2778 1092 2837 quam
1114 2779 1168 2824 ars
1191 2765 1351 2825 scribendi

80 2868 113 2926 et
144 2865 270 2938 legendi
299 2865 332 2924 in
364 2865 451 2925 vitae
482 2864 666 2924 communis
692 2864 799 2924 varios
821 2879 901 2923 usus
925 2864 1031 2938 magis
1054 2864 1224 2938 magisque
1247 2867 1349 2925 trans-

79 2966 157 3026 lata.
188 2965 275 3041 Quae
305 2980 359 3025 ars
381 2964 575 3037 antiquitate
598 2964 692 3038 longe
714 2964 870 3038 longeque
893 2965 1055 3026 antecedit
1074 2965 1184 3026 Musae
1208 2964 1349 3027 Graecae

79 3066 215 3127 natales.
239 3065 323 3125 Nam
345 3066 378 3124 in
401 3063 579 3138 Babylonia
601 3066 695 3125 annis
718 3067 794 3126 ante
818 3064 982 3126 Christum
1007 3066 1094 3127 3000
1118 3068 1155 3126 nt
1174 3067 1348 3126 minimum

79 3167 288 3240 scribebatur,
309 3166 342 3225 in
362 3166 508 3239 Aegypto
528 3165 585 3225 vix
604 3166 762 3226 recentior
780 3166 843 3226 luit
861 3182 942 3227 usus
960 3167 1155 3242 litterarum,
1173 3167 1349 3229 Phoenices

80 3270 201 3342 autem,
225 3267 279 3341 qni
303 3283 320 3326 e
344 3266 463 3326 crebris
482 3268 579 3339 atque
598 3267 741 3340 operosis
760 3267 993 3341 Aegyptiorum
1012 3267 1116 3341 signis
1134 3268 1349 3343 simpliciores

80 3368 153 3429 illas
176 3368 302 3428 litteras
325 3365 420 3427 XXII
443 3365 638 3427 effinxerunt
657 3382 738 3441 quas
758 3383 834 3428 cum
854 3367 984 3428 Graecis
1013 3369 1295 3429 communicarunt
1313 3375 1347 3445 ⁴),

79 3470 156 3542 quin
187 3470 260 3531 inde
292 3468 332 3528 ab
355 3482 439 3527 anno
462 3468 527 3528 iere
554 3468 639 3527 1500
662 3468 722 3528 boc
743 3483 803 3529 suo
826 3469 959 3528 invento
993 3469 1044 3527 usi
1067 3468 1188 3529 fuerint
1209 3484 1274 3530 non
1297 3472 1360 3531 est'

80 3583 136 3630 cur
153 3570 355 3643 dubitemus;
376 3569 496 3642 optime
516 3569 615 3643 igitur
634 3567 843 3630 confirmatur
863 3570 1007 3644 ipsorum
1022 3568 1218 3630 Graecorum
1230 3570 1346 3647 opinio,

78 3686 161 3744 quae
192 3672 315 3731 temere
338 3669 537 3742 aliquamdiu
569 3685 589 3730 a
612 3671 691 3730 viris
714 3671 817 3731 doctis
841 3673 893 3731 est
916 3672 1035 3746 spreta,
1059 3670 1219 3731 scribendi
1240 3674 1347 3732 artem

112 3935 132 3997 ¹)
149 3938 243 3986 Herod.
260 3937 287 3984 II
304 3939 344 3985 03.

111 4013 132 4081 ¹)
150 4017 201 4064 Diu
217 4017 296 4076 igitur
312 4012 359 4080 (lv
375 4013 496 4081 maculis)
515 4021 573 4078 poet
590 4018 688 4065 bellum
707 4018 857 4064 Troianum:
876 4016 969 4065 Herod.
987 4016 1084 4075 1114e,
1101 4017 1216 4078 Thucyd.
1234 4016 1345 4081 1853.

111 4091 131 4156 ³)
149 4095 252 4153 Myrtos
275 4095 320 4154 qni
344 4094 414 4155 dicit,
438 4096 551 4143 carmina
569 4096 632 4143 dicit
648 4099 758 4142 vetusta.
779 4095 830 4142 Sed
847 4096 972 4142 incertum
994 4098 1081 4143 manet
1099 4101 1185 4145 utrum
1203 4097 1274 4144 rudia
1291 4101 1347 4144 tan·

78 4177 133 4220 tum
159 4175 221 4220 artis
246 4175 374 4233 poematia
399 4186 430 4221 ex
456 4174 558 4235 Europa
582 4175 608 4221 in
632 4176 719 4221 Asiam
742 4188 801 4221 curn
824 4174 920 4221 colonia
943 4175 1048 4222 Graecis
1065 4175 1206 4235 migrarint,
1224 4190 1256 4223 an
1274 4177 1346 4237 ipsae

78 4252 139 4299 Illas
165 4255 192 4299 et
215 4251 329 4311 Odyssea
351 4253 377 4299 in
401 4253 508 4300 Graecia
532 4251 603 4314 (Ilias
628 4254 654 4299 in
677 4251 819 4314 Thessalia)
838 4255 922 4313 natae,
939 4255 965 4298 in
983 4253 1044 4300 Asia
1060 4256 1181 4301 extensae
1198 4255 1302 4312 iherint,
1319 4255 1345 4301 in

77 4343 155 4390 qnam
180 4331 335 4392 opinionem,
361 4344 426 4390 qnae
452 4331 516 4377 mihi
537 4343 640 4390 qnoque
666 4331 772 4377 minime
794 4330 938 4390 spernenda
956 4330 1065 4389 videtur,
1083 4345 1142 4380 cnm
1160 4332 1203 4379 alli
1220 4332 1345 4393 philologi

76 4409 201 4455 inclinant
216 4412 272 4457 tum
288 4410 403 4456 Britanni
421 4409 523 4457 Geddee
540 4409 629 4455 Monro
645 4409 712 4456 Leni
726 4407 794 4456 Jebb
813 4407 919 4470 (Homer
934 4423 960 4469 p.
980 4411 1027 4457 104
1044 4407 1120 4471 sqq).

109 4483 130 4548 ⁴)
148 4487 186 4533 Hx
204 4488 318 4548 Aegypto
336 4485 477 4534 Phoenices
495 4486 598 4534 duxisse
616 4491 697 4534 artem
715 4486 853 4542 scribendi,
871 4488 949 4535 etiam
964 4491 1065 4536 veteres
1077 4489 1274 4549 intellegebant;
1293 4488 1344 4535 rid.

77 4564 142 4612 Plat.
159 4565 266 4614 Phaedr.
282 4566 351 4620 2740,
361 4563 386 4622 d,
402 4565 463 4612 Tac.
481 4565 570 4612 Annal.
589 4564 626 4611 x1
645 4567 683 4613 14.
