3120 5124
59 408 79 486 ε
105 409 182 481 sao]
664 408 729 472 ovo

59 595 92 655 in
115 595 232 670 quibus
252 595 360 656 verbis
378 595 493 656 inutile
513 597 565 656 est
583 589 612 656 d’
635 596 686 666 (of.
706 619 722 674 χ
738 598 799 671 12),
820 597 906 658 male
926 599 1037 659 autem
1056 598 1148 660 deest
1167 599 1334 673 digamma

59 698 209 758 adiectivi
238 697 346 756 fendo.
377 698 490 771 Itaque
513 699 649 759 minime
673 700 796 760 incerta
819 700 876 759 aut
899 701 1073 760 temeraria
1095 704 1146 762 est
1168 703 1333 777 eorrectio,

59 799 246 860 aBelrlrero
269 800 411 874 primum
435 802 468 859 ni
491 800 586 862 fallor
609 800 793 877 proposita:

237 901 279 973 τίς
302 922 342 960 κε
364 899 494 961 ἕεκὼν
517 902 656 963 τοσσόνδε
679 901 839 981 διαδράμοι
862 899 994 982 ἁλμυρὸν
1021 903 1113 982 ὕδωρ,

59 1019 122 1077 qua
145 1004 274 1078 utrique
296 1004 367 1065 voci
390 1005 495 1066 forma
517 1021 578 1066 sua
600 1007 744 1068 redditur
766 1007 922 1080 legitima.

102 1183 233 1256 Aliquid
256 1183 296 1243 ad
318 1184 551 1245 defendendam
571 1187 717 1246 nostram
737 1185 845 1245 thesin
865 1185 912 1245 illi
932 1199 1059 1258 quoque
1079 1199 1193 1244 versus
1213 1183 1333 1259 valent,

59 1286 113 1358 qui
137 1286 215 1346 dum
237 1306 288 1345 κεν
312 1286 495 1346 restituitur
517 1285 756 1357 numerosiores
778 1285 870 1346 fiunt.
895 1286 1005 1362 Qualis
1029 1288 1080 1346 est
1103 1291 1130 1344 Δ
1154 1287 1214 1346 53:

236 1385 288 1459 τὰς
311 1386 477 1462 διαπέρσαι,
499 1386 517 1448 δ
524 1383 544 1447 τ’
571 1385 617 1447 ἅν
639 1410 684 1448 τοι
707 1385 896 1466 ἀπέχθωνται
918 1384 985 1465 περὶ
1007 1395 1085 1465 κῆρι,

59 1489 232 1562 inquibus
257 1489 362 1549 verbis
385 1488 565 1551 infinitivus
589 1487 745 1568 διαπέρσαι
770 1490 874 1550 vicem
898 1489 1082 1564 imperativi
1107 1489 1183 1567 obit.
1204 1490 1333 1550 incisio·

58 1604 135 1649 nem
167 1592 240 1664 post
270 1592 449 1651 secundum
476 1593 675 1667 trochaeum,
700 1607 762 1652 non
786 1606 919 1665 prorsus
943 1591 1074 1664 quidem
1097 1591 1276 1650 inauditam
1301 1590 1334 1649 in

58 1690 211 1767 Homero,
254 1692 311 1752 sed
353 1694 465 1752 tamen
503 1693 635 1753 auribus
669 1693 765 1767 paulo
798 1693 995 1753 acutioribus
1033 1693 1087 1751 vix
1121 1693 1333 1768 tolerandam,

59 1793 231 1853 sustuleris
255 1791 301 1853 ὅτε
324 1815 376 1854 κεν
400 1795 585 1857 scribendo:

237 1890 288 1965 τὰς
310 1941 385 1968 uu.
411 1890 415 1976 δ
436 1893 482 1955 ὅτε
506 1893 557 1955 κέν
579 1917 623 1955 τοι
647 1893 836 1973 ἀπέχθωνται
859 1892 925 1972 περὶ
948 1901 1024 1971 κῆρι.

60 1995 119 2055 Pro
155 1991 310 2070 διαπέρσαι
334 1995 433 2069 igitur
463 1996 628 2075 διάπερθιε)
660 1998 856 2073 scripserim,
888 2009 1088 2069 quamquam
1118 1994 1237 2055 elisum
1262 2010 1335 2068 quo·

61 2111 121 2169 que
144 2111 209 2154 -ααι
231 2094 383 2166 infinitivi
407 2098 546 2159 fortasse
569 2101 677 2173 potest
704 2097 830 2158 defendi
851 2099 883 2166 ¹).

103 2272 211 2346 Magni
243 2289 368 2348 quoque
399 2276 558 2336 momenti
589 2278 667 2336 sunt
694 2290 809 2335 versus
832 2274 887 2334 ubl
909 2269 948 2331 dc
970 2273 1126 2347 syntaxin
1150 2272 1259 2333 violat.
1285 2273 1337 2334 Sic

64 2377 92 2432 li
114 2377 156 2436 66
181 2375 339 2445 traditum
363 2378 430 2436 est:

239 2475 332 2536 αὐτὸν
356 2470 385 2535 δ’
410 2472 456 2534 διν
478 2475 616 2553 πύματόν
639 2499 674 2554 με
697 2478 784 2548 κύνες
807 2475 939 2558 πρώτῃσι
962 2475 1076 2557 θύρῃσι

177 2565 179 2568 ⁴
238 2572 364 2652 ὠμεσταδ
388 2577 562 2653 δερύουσιν,

61 2675 168 2737 futuro
192 2677 291 2750 igitur
313 2677 452 2751 tempori
475 2677 664 2738 adiunctum
688 2673 736 2751 ἅν,
758 2677 842 2750 quod
865 2678 943 2750 quin
962 2675 1111 2754 περισσόν,
1131 2678 1336 2748 quemadmo-

61 2777 137 2838 dum
160 2777 356 2838 scholiastae
379 2776 564 2853 loquuntur,
590 2779 640 2838 vel
663 2779 771 2853 potius
795 2778 950 2838 vitiosum
973 2779 1017 2838 sit
1040 2778 1123 2852 apud
1145 2778 1334 2852 Homerum,

60 2880 94 2939 ut
123 2879 208 2954 apud
240 2880 365 2939 ceteros
395 2893 520 2954 omnes,
552 2880 624 2952 quis
655 2880 757 2940 adhuc
790 2878 917 2939 dubitat
939 2879 989 2950 (ci.
1014 2879 1031 2948 ἓ
1058 2881 1119 2938 122
1143 2893 1215 2953 pag.
1240 2880 1332 2948 810)!

59 2980 164 3042 Nolim
195 2983 307 3041 tamen
336 2980 565 3059 frodooocv
603 2982 787 3055 rescribere,
818 2981 894 3041 licet
916 2980 947 3039 id
971 2981 1004 3038 in
1028 2978 1112 3040 Plut.
1138 2979 1214 3039 Mor.
1242 2981 1335 3040 lita

61 3081 195 3157 legatur,
230 3083 288 3143 sed
321 3083 429 3156 potius
463 3083 685 3157 importunum
719 3081 798 3142 illud
833 3076 871 3139 δν
905 3082 1154 3155 extirpaverim;
1187 3097 1246 3142 neo
1280 3083 1335 3144 diu

62 3183 308 3256 quaeritantium
334 3187 386 3245 est
409 3184 607 3259 remedium;
632 3184 772 3244 sufficiet
795 3183 892 3258 enim,
917 3183 950 3242 ni
973 3182 1082 3242 fallor:
1107 3179 1199 3240 αὐτὸν
1223 3175 1253 3241 δ’
1280 3179 1335 3260 ἂρ.

63 3282 176 3345 Ortum
200 3285 328 3345 videtur
352 3285 469 3344 vitium
493 3301 534 3346 ex
557 3286 739 3359 ignorantia
754 3285 980 3359 posteriorum,
1001 3284 1056 3357 qui
1067 3282 1230 3361 feodooow
1251 3284 1334 3345 futu·

62 3400 132 3445 rum
157 3400 230 3446 esse
255 3378 308 3464 (ci.
333 3389 364 3444 Λ
387 3387 451 3446 452
475 3391 557 3461 sqq.)
581 3402 696 3461 parum
716 3386 949 3458 intellegerent.

103 3486 211 3546 Simili
231 3487 309 3547 vitio
329 3487 473 3547 laborare
493 3502 625 3548 versum
648 3488 750 3560 1167,
770 3486 854 3546 inira
873 3501 944 3559 pag.
960 3485 1024 3545 584
1037 3486 1134 3544 noti
1157 3485 1333 3559 apparebit.

104 3587 255 3647 Alterum
278 3588 465 3663 exemplum
488 3589 607 3661 legitur
629 3587 660 3644 n
684 3589 748 3648 226
771 3602 837 3660 sq.:

438 3686 544 3748 αὐτίκα
567 3686 636 3767 γάρ
659 3709 701 3765 με
724 3686 937 3746 κατακτείνειεν
960 3683 1101 3763 Ἀχιλλεὺς

238 3785 331 3868 ἀγκὰς
354 3783 441 3849 ἑλόντ’
467 3785 538 3865 ἐμὸν
562 3787 639 3864 oliv,
662 3786 760 3865 ἐπὴν
784 3787 857 3867 γόον
881 3785 910 3859 ἐξ
934 3785 1002 3865 ἔρον
1025 3785 1120 3863 εἴην,

62 3889 114 3950 ubi
136 3904 240 3950 unum
264 3885 476 3967 ἐπεὶ...ει“ην
502 3893 588 3951 recte
612 3890 730 3951 habere
754 3891 927 3951 contextus
951 3888 1052 3948 docet.

104 3989 189 4051 Item
214 3989 232 4048 δ
256 3990 320 4050 222
343 3990 431 4050 male
455 3991 579 4052 editur:

238 4085 272 4163 δς
292 4088 325 4150 τδ
348 4089 565 4169 καταβρόξειεν,
588 4089 686 4168 ἐπὴν
709 4099 832 4170 κρητῆρι
854 4089 976 4173 poyeio,

62 4206 135 4253 num
172 4193 338 4267 optativus
372 4191 512 4253 altorum
547 4193 693 4267 postulat
727 4193 920 4267 optativum,
952 4191 1021 4251 iure
1052 4190 1152 4264 igitur
1183 4191 1338 4253 'thiersch

62 4293 201 4355 correxit
224 4289 309 4352 ἐπεὶ
331 4301 456 4372 κρητῆρι
478 4293 622 4372 μιγείη.

90 4485 110 4553 ¹)
127 4489 204 4537 Οοήθ
222 4488 370 4536 Aristarcho
389 4487 416 4535 Φ
433 4489 482 4535 322
502 4503 540 4549 oq.
559 4490 679 4550 placebat
696 4491 750 4538 οδδδ
768 4495 790 4537 τί
812 4506 851 4547 μιν
872 4491 934 4554 χρεὼ
948 4484 953 4551 Ι
969 4489 1033 4535 Ισται
1050 4488 1206 4550 τνμβαχαῆιί,
1224 4489 1262 4534 δτι
1280 4490 1337 4550 ete„

61 4567 103 4615 ubl
119 4569 164 4616 alii
182 4574 318 4630 τνμροχοκι
334 4567 463 4626 legebant.
486 4567 524 4614 Oi.
543 4569 557 4627 5
578 4571 607 4617 18
626 4583 685 4630 ρας.
704 4571 744 4617 ti.
