3120 5124
755 425 811 469 LIX

139 596 228 657 Duas
260 597 422 659 editiones
453 597 631 659 elaboravit
655 604 688 660 et
710 599 813 672 signis
835 598 955 659 criticis
979 600 1116 675 ornavit,
1140 615 1278 673 quorum
1302 614 1419 659 causae

140 699 389 773 explicabantur
430 700 463 759 in
505 697 700 778 δσορνήμοσι
741 701 811 761 sive
850 702 1104 779 commentariis,
1141 700 1241 762 DGOO
1276 702 1304 762 si
1338 701 1418 761 fides

140 801 259 862 Suidae
291 800 460 862 volumina
489 801 717 881 implentibus,
752 805 919 878 praeterea
950 805 1063 864 autem
1093 803 1259 879 complura
1288 804 1422 877 scripsit

140 901 356 981 συγγράμματα
390 904 461 964 sive
495 904 751 981 dissertationes,
787 906 826 965 ad
861 920 913 965 res
947 904 1154 980 difficiliores,
1190 920 1272 978 quae
1295 905 1419 979 'paucis

142 1005 251 1064 verbis
276 1005 394 1080 exponi
417 1021 481 1066 non
503 1009 647 1082 possent,
668 1006 739 1066 fuse
760 1007 947 1067 tractandas
969 1004 999 1076 ιί.
1022 1006 1109 1082 Quae
1129 1022 1225 1081 opera
1245 1007 1273 1067 si
1293 1007 1420 1079 integra

141 1107 183 1166 ad
201 1122 262 1166 nos
286 1107 510 1181 pervenissent
533 1108 653 1184 omnia,
677 1107 861 1169 uberrimus
883 1109 1147 1169 observationum
1166 1108 1416 1169 utilissimarum

141 1209 318 1269 thesaurus
348 1209 510 1270 hodiernis
540 1210 714 1270 lectoribus
744 1212 873 1284 praesto
897 1213 994 1271 esset.
1020 1211 1081 1272 sed
1106 1225 1209 1283 neque
1239 1208 1418 1270 Aristarchi

142 1310 222 1384 vita,
246 1325 329 1384 quae
350 1311 384 1371 in
403 1312 533 1386 tempus
552 1311 816 1372 turbatissimum
835 1312 957 1388 incidit,
978 1326 1131 1387 prospera
1150 1312 1212 1371 suit
1231 1311 1416 1386 admodum,

142 1426 247 1486 neque
277 1415 371 1472 extra
400 1413 503 1487 ipsius
533 1413 679 1474 scholam
712 1414 853 1474 multum
881 1415 1002 1475 favoris
1025 1415 1220 1475 invenerunt
1245 1428 1327 1487 quae
1350 1427 1416 1487 pro·

143 1513 237 1589 tulit;
270 1515 390 1574 mortui
421 1517 532 1575 autem
565 1517 689 1576 clarum
720 1530 840 1576 nomen
871 1516 1028 1577 amultis
1053 1515 1251 1575 celebratum
1276 1516 1337 1590 est,
1361 1514 1418 1574 sed

144 1615 214 1675 eius
246 1616 377 1692 scripta,
408 1619 444 1676 ut
477 1615 523 1692 fit,
553 1630 630 1676 mox
653 1632 694 1676 ex
716 1617 886 1677 hominurn
911 1617 1069 1678 memoria
1092 1631 1285 1677 evanescere
1310 1630 1416 1690 coepe·

145 1719 220 1777 runt
239 1718 272 1787 ²).
302 1717 500 1794 Quapropter
527 1718 656 1779 saeculo
680 1721 753 1793 post
776 1720 846 1779 eius
870 1718 995 1779 obitum
1019 1719 1237 1794 praeterlapso
1260 1718 1418 1792 Didymus

145 1819 209 1895 ille,
240 1819 293 1880 cui
324 1834 344 1880 s
374 1819 478 1882 ferrea
507 1821 666 1882 industria
688 1836 867 1896 cognomen
890 1829 942 1880 τοῦ
967 1817 1170 1897 Χοίιιενιίρου
1193 1820 1332 1881 inditum
1357 1821 1417 1895 eet,

146 1921 179 1981 in
206 1919 287 1982 libro
309 1917 377 2000 ωορδ
398 1929 450 1999 σῆς
474 1920 659 2002 Ἀριστάρχου
685 1921 873 2002 διορθώσεως
896 1925 930 1984 et
952 1922 1155 1983 Aristonicus
1178 1921 1211 1981 in
1235 1935 1329 1995 opere
1352 1917 1420 1999 περὶ

148 2023 276 2100 σημείων
302 2018 429 2096 Ἰλιάδος
455 2021 506 2083 καί
524 2018 695 2096 Ὀδυσσείας
718 2023 908 2099 aequalibus
931 2025 1000 2084 suis
1024 2025 1174 2084 accurate
1198 2024 1420 2097 exposuerunt

148 2125 220 2198 quid
251 2124 461 2186 Aristarchus
485 2126 519 2185 in
542 2126 752 2187 emendandis
775 2125 972 2186 carminibus
996 2125 1095 2200 epicis
1118 2123 1352 2199 praestitisset;
1377 2138 1419 2184 ex

150 2226 259 2287 eodem
296 2226 385 2288 fonte
418 2228 548 2289 saeculo
583 2228 629 2288 11⁰
663 2230 737 2302 post
770 2227 842 2288 (ihr.
876 2229 1056 2289 hauserunt
1086 2225 1289 2287 Herodianus
1320 2226 1353 2284 in
1383 2234 1419 2309 τῇ

145 2322 254 2413 Ἰλιακῇ
288 2328 441 2414 προσῳδίᾳ
477 2331 511 2390 ei
541 2330 680 2391 Nicanor
710 2330 744 2390 in
774 2329 855 2391 libro
884 2326 952 2407 περὶ
982 2336 1112 2407 στιγμῆς.
1143 2327 1193 2387 Ex
1223 2327 1275 2386 his
1306 2329 1418 2388 autem

147 2431 294 2507 operibus
325 2433 460 2506 exerpta
491 2432 636 2506 parciora
667 2447 765 2505 quam
792 2431 951 2492 vellemus
974 2432 1090 2492 extant
1112 2430 1146 2489 in
1170 2428 1312 2504 scholiis,
1335 2444 1419 2502 quae

150 2532 311 2593 codicibus
335 2533 458 2594 nostris
480 2533 642 2608 adscripta
665 2533 826 2607 leguntur.

189 2737 250 2798 Sed
292 2737 386 2798 redeo
420 2737 461 2797 ad
495 2736 605 2797 studia
638 2749 720 2810 quae
755 2752 818 2797 non
854 2736 1054 2798 emendando
1088 2735 1144 2795 sed
1179 2735 1418 2809 interpretando

147 2839 286 2900 Homero
310 2840 389 2899 sunt
411 2839 567 2900 insumta.

187 2940 294 3002 Nihilo
314 2941 442 3000 saniora
465 2954 564 3013 quam
588 2939 731 3000 Philetas
754 2939 809 3000 alii
828 2940 1031 3015 protulerunt
1050 2938 1190 3013 plurimi.
1215 2938 1320 2999 Verba
1342 2939 1417 2998 sim·

146 3042 323 3117 plicissima
348 3040 421 3113 θεὸς
452 3038 501 3100 διὰ
531 3038 628 3099 πάντα
658 3044 774 3122 selecta
807 3043 834 3098 T
862 3041 904 3102 90
929 3040 1119 3100 Hellanicus
1141 3038 1270 3112 legebat
1292 3037 1418 3098 θεόσδιοι

146 3168 175 3188 =
188 3142 327 3220 θεόδοισ,
350 3143 520 3204 Lesbocles
542 3139 614 3212 θεὸς
639 3135 666 3200 δ’
693 3140 732 3199 ἴα.
756 3140 895 3202 Versum
916 3157 979 3202 non
999 3158 1077 3203 sane
1098 3142 1280 3216 suspicione
1303 3157 1416 3201 vacan-

145 3346 321 3423 accipiebat
343 3343 535 3423 μιλυνόσνον,
556 3346 652 3421 cipro
674 3346 800 3406 scilicet
821 3361 891 3407 ossa
913 3346 1040 3419 aquilae
1065 3362 1138 3407 esse
1162 3345 1290 3406 docens.
1314 3345 1420 3406 Verba

144 3448 195 3508 καί
211 3445 244 3508 κέ
263 3469 311 3508 τεο
335 3446 443 3525 δμώων
466 3443 586 3526 ἀνδρῶν
610 3444 650 3506 ἔτι
670 3451 863 3525 πειρηθεῖμεν
882 3468 904 3505 π
921 3448 984 3508 305
1004 3448 1213 3509 Ptolemaeus
1232 3446 1420 3507 Ascalonita

144 3548 271 3623 legebat
300 3548 354 3608 καί
380 3542 403 3606 ι’
438 3544 619 3625 ἕιεοδμώων,
648 3547 804 3622 pellectus
828 3563 907 3608 voce
938 3549 1115 3609 memoriae
1143 3549 1213 3608 eius
1238 3548 1416 3609 inhaerent'

144 3647 307 3730 ἕσεόκρητες
339 3671 354 3708 τ
380 3652 452 3710 lib.
478 3650 617 3710 Versum
641 3648 676 3709 οὐ
702 3649 739 3709 σύ
762 3643 786 3730 γ’
813 3644 851 3708 liv
875 3646 904 3721 ἐξ
928 3648 1012 3709 οἴκου
1041 3659 1082 3732 σῷ
1108 3646 1245 3732 ἐπιστάτῃ
1270 3644 1336 3709 οὐδ’
1363 3648 1419 3707 illa

145 3752 226 3830 δοίης
238 3774 255 3831 ρ
269 3753 344 3828 455,
366 3751 399 3811 in
420 3766 482 3824 quo
502 3751 620 3812 iterata
637 3752 765 3824 negatio
785 3751 865 3810 nihil
885 3751 983 3811 habet
995 3751 1127 3826 insoliti,
1149 3750 1353 3811 Callistratus
1374 3751 1420 3811 ita

144 3854 415 3930 interpretabatur
436 3856 474 3913 ut
497 3849 609 3912 οδδολοι
632 3850 668 3911 ιὰ
690 3850 798 3931 ιιόιιρια
822 3868 895 3913 esse
918 3854 1039 3914 diceret
1061 3850 1142 3930 παρὰ
1164 3850 1197 3911 τὸ
1221 3849 1253 3910 ἐν
1277 3861 1316 3934 τῷ
1338 3851 1419 3935 οὐδῷ

144 3960 267 4014 κεῖσθαι.
303 3954 409 4015 Verba
435 3947 532 4026 ’στάξε
562 3951 636 4013 κατὰ
667 3952 759 4032 ῥινῶν
794 3957 821 4012 Τ
842 3955 883 4013 39
914 3955 1052 4015 absurde
1082 3955 1214 4027 quidam
1246 3955 1421 4015 reddebant

145 4057 272 4135 βυρσῶν,
304 4072 324 4116 a
354 4055 554 4116 nominativo
585 4053 667 4133 ῥινός
701 4057 895 4130 repetentes.
928 4054 1085 4133 Ἀφροδίτη
1117 4054 1313 4133 φιλομμείδρς
1344 4057 1419 4130 quid

176 4335 196 4402 ¹)
213 4339 242 4386 F„
261 4353 287 4398 g.
314 4341 368 4402 ιιιρί
390 4346 431 4386 τοῦ
453 4342 616 4400 ναυστάθμου,
642 4339 668 4385 in
694 4351 746 4400 qno
768 4339 834 4386 libro
857 4340 1010 4400 Argivorum
1033 4343 1117 4388 castm
1139 4345 1258 4390 accurate
1276 4343 1419 4391 secundum

145 4417 281 4465 Homerum
299 4418 446 4466 delineavit,

174 4495 194 4559 ¹)
212 4499 261 4554 Qui
286 4497 463 4545 Aristawhnm
485 4499 617 4546 insecutus
642 4501 681 4546 est
704 4501 854 4547 Ammonius
876 4501 981 4560 soripsit
1003 4501 1097 4547 librum
1115 4503 1167 4566 πυρί
1187 4509 1230 4547 τοῦ
1252 4502 1285 4561 μὴ
1302 4501 1419 4562 γεγονέναι

144 4581 243 4632 adelm-
261 4577 365 4631 ίκδόσσις
383 4586 421 4638 τῆς
438 4581 594 4643 Ἀριστάρχου
611 4580 758 4644 διορθώσεως
776 4577 822 4642 (sc.
841 4588 885 4626 τῶν
905 4579 966 4642 δύο),
984 4580 1035 4627 vid.
1053 4580 1134 4627 schol.
1154 4583 1177 4627 Κ
1194 4582 1252 4628 397.
