3120 5124
144 435 167 505 ἓ
191 437 270 508 317]
757 437 819 496 541

330 615 403 680 err’
429 617 512 700 όνα,
534 619 576 700 μὴ
599 620 671 701 τάχα
692 621 789 683 factu
813 619 909 703 πυρός
932 623 1029 701 δηίοιο
1052 621 1185 705 θέρηται.
1300 631 1325 686 Ζ
1348 630 1423 689 331.

138 722 235 783 Item
260 724 363 784 1247
388 726 418 781 Σ
442 724 504 784 178
528 740 546 783 σ
572 725 622 785 13.

192 824 275 900 Post
296 825 472 899 particulas
494 821 570 902 ἔνο),
591 822 649 903 ἔπι,
670 822 751 903 πάρα
774 841 838 887 non
860 841 932 887 raro
955 828 1118 889 omittitur
1138 830 1274 891 verbum
1295 828 1356 890 ἐστί
1373 832 1424 892 vel

137 922 215 1002 alet,
237 925 325 986 idem
348 925 447 1000 igitur
468 928 553 1001 quod
575 924 669 986 ἔνεστι
691 929 753 989 etc.
778 927 898 989 valent.
922 928 957 988 Ε.
978 944 1008 1003 g.

285 1021 347 1087 dvo?
374 1025 434 1088 ἔνι
457 1023 511 1106 μὲν
534 1027 666 1107 φιλότης,
683 1026 721 1088 ’ὲν
743 1022 771 1088 δ’
799 1027 907 1108 ἵμερος,
924 1027 962 1089 ’ὲν
984 1024 1014 1090 δ’
1041 1025 1186 1110 ὀαριστύς.
1255 1030 1284 1097 Ξ
1303 1035 1377 1095 216.

285 1125 323 1190 οὔ
344 1151 389 1190 τοι
412 1127 474 1189 ἔπι
497 1127 596 1203 efter.
1255 1138 1284 1193 A
1304 1137 1378 1196 515.

284 1228 373 1311 ἔρχεο·
397 1231 472 1312 πόρ
496 1255 541 1294 τοι
564 1228 643 1305 ὁδός.
1257 1239 1276 1296 I
1296 1238 1349 1299 43.

137 1332 258 1394 Etiam
282 1333 343 1395 ὕπο
365 1335 505 1409 fortasse
528 1336 575 1396 ita
597 1338 650 1397 est
672 1335 853 1398 adhibitum
881 1352 945 1398 uno
968 1336 1055 1399 loco:

285 1435 364 1514 μόλοι
385 1441 458 1518 πῖαρ
481 1431 530 1498 ὕπ’
557 1428 649 1509 οὖδας
674 1437 723 1507 (cf.
748 1435 768 1514 ξ
793 1434 882 1508 70¹³).
1257 1462 1269 1499 ι
1295 1442 1409 1511 135¹).

192 1537 267 1599 Non
287 1554 362 1601 vero
382 1539 445 1601 huc
464 1539 650 1602 referendus
673 1542 725 1603 est
744 1542 841 1618 p279
861 1539 930 1619 περί
947 1562 992 1600 τοι
1011 1536 1110 1619 μένος,
1120 1557 1184 1602 non
1197 1543 1284 1603 enim
1296 1542 1423 1621 περίεστι

142 1645 306 1716 (superet)
328 1641 582 1717 intellegendum
600 1644 658 1706 sed
676 1639 744 1722 περὶ
761 1643 782 1704 1.
796 1659 823 1704 e.
839 1660 920 1720 prce
932 1643 1035 1704 coterie
1052 1642 1100 1702 τοί
1118 1639 1177 1702 ἐστι
1196 1639 1291 1721 μένος.
1312 1644 1423 1719 Neque

142 1742 349 1803 coniunctim
380 1759 455 1805 cum
482 1744 748 1820 praecedentibus
775 1746 826 1805 est
849 1745 1153 1806 commemorandus
1184 1747 1219 1802 H
1242 1746 1304 1807 168
1329 1741 1367 1805 ἂν
1392 1741 1424 1806 δὲ

147 1840 232 1915 Θόας
255 1843 275 1905 1.
301 1860 328 1906 e.
351 1846 488 1905 currerit
509 1847 602 1907 aiom
627 1845 742 1922 lbooe3
765 1861 829 1906 non
852 1846 940 1907 enim
964 1841 1002 1905 ἂν
1024 1847 1112 1908 idem
1135 1848 1219 1921 quod
1242 1844 1348 1926 ἀνέστη
1371 1849 1423 1910 bic

148 1944 251 2022 valet,
279 1946 336 2006 sed
359 1962 377 2007 e
400 1946 549 2007 versibus
574 1948 636 2008 162
649 1964 697 2022 sq.
720 1947 931 2022 repetendum
955 1949 1006 2009 est
1028 1950 1164 2009 verbum
1188 1939 1272 2029 ὦρτο,
1293 1950 1424 2025 perinde

145 2047 248 2121 atque
271 2048 305 2109 in
327 2063 394 2110 ves.
423 2051 606 2111 164-167.

195 2219 218 2305 S
242 2222 312 2290 alr.
336 2227 423 2288 Duas
447 2228 499 2288 vel
523 2229 622 2289 etiam
648 2231 715 2290 tres
735 2229 988 2304 praepositiones
1008 2230 1200 2304 coniungere
1219 2231 1312 2290 amat
1328 2229 1425 2291 dictio

151 2327 242 2401 epioe
262 2328 302 2388 ad
322 2344 361 2389 ea
380 2344 464 2402 quae
483 2330 708 2391 describuntur
723 2331 863 2391 vividius
883 2333 958 2392 ante
971 2331 1080 2392 oculos
1093 2332 1248 2406 ponenda.
1271 2331 1425 2407 Qualibus

151 2428 231 2489 locis
264 2428 319 2490 alii
348 2430 382 2490 in
413 2445 512 2490 unam
540 2445 652 2492 vocem
678 2430 751 2502 (decu
774 2434 808 2492 et
830 2432 960 2502 similia)
984 2433 1137 2506 colligant
1160 2433 1424 2509 praepositiones,

153 2530 208 2591 alii
242 2531 380 2605 singulis
414 2547 513 2592 suum
546 2534 693 2593 tribuunt
727 2535 907 2595 accentum.
955 2534 1043 2612 Quae
1074 2549 1126 2594 res
1156 2535 1214 2594 vix
1243 2533 1342 2594 ullius
1373 2536 1425 2595 est

153 2633 328 2707 momenti3
360 2649 420 2694 nos
451 2649 526 2695 cum
557 2635 742 2696 videremus
771 2635 1024 2710 praepositiones
1055 2634 1088 2695 in
1118 2635 1230 2709 lingua
1252 2634 1426 2697 Homerica

153 2733 295 2808 priscam
314 2735 383 2795 vim
396 2734 604 2810 integriorem
616 2752 765 2798 servasse
777 2751 877 2811 quam
889 2737 973 2812 apud
985 2740 1141 2814 posteros,
1155 2738 1259 2797 satius
1271 2736 1426 2797 duximus

153 2835 196 2895 ibi
219 2849 356 2913 quoque,
380 2838 435 2899 ubi
458 2838 540 2899 duae
564 2840 673 2900 tresve
696 2839 847 2913 deinceps
869 2840 947 2899 sunt
966 2839 1150 2914 collocatae,
1171 2839 1348 2914 separatim
1369 2854 1425 2899 eas

153 2936 303 3010 proferre.
328 2937 494 3014 Exemplis
517 2941 613 3000 sunto
636 2940 697 3000 loci
721 2940 913 3013 sequentes:

554 3036 633 3119 ἀμφὶ
654 3037 721 3119 περὶ
743 3038 867 3119 κρήνην.
1260 3044 1285 3099 Β
1308 3044 1383 3104 305.
1404 3037 1426 3113 ²)

552 3140 665 3203 τυτθὸν
687 3138 748 3203 ἀπὸ
769 3140 827 3221 πρὸ
849 3149 935 3201 νεῶν.
1257 3145 1293 3202 Η
1312 3146 1387 3206 334.

554 3235 628 3324 ὦρτο
652 3236 687 3304 δι’
714 3240 746 3303 ἐκ
769 3242 937 3323 προθύρου.
1263 3245 1289 3304 Ο
1314 3246 1386 3306 124.

551 3340 618 3426 παρ’
645 3343 675 3419 ἐξ
698 3340 781 3405 ὁδοῦ.
1260 3347 1289 3404 K
1312 3346 1386 3407 349.

195 3447 234 3506 ln
257 3446 429 3508 verborum
453 3448 685 3524 compositione
709 3448 823 3509 eadem
847 3449 961 3521 regnat
984 3448 1126 3523 ubertas,
1151 3464 1178 3508 e.
1203 3463 1232 3521 g.

463 3548 541 3610 πολὺ
565 3544 593 3609 δ’
620 3549 702 3627 ὕδωρ
722 3543 726 3631 i
747 3546 839 3608 καλὸν
863 3545 1072 3629 ὑπεκπρόρεεν.
1267 3549 1283 3618 ζ
1305 3550 1357 3610 86.

154 3664 214 3722 quo
244 3649 342 3710 verbo
372 3650 587 3725 pulcherrime
617 3651 759 3726 pingitur
785 3651 947 3725 scaturigo
971 3652 1083 3712 subter
1105 3666 1187 3712 saxa
1208 3651 1369 3726 profluens
1389 3653 1422 3721 ³).

194 3751 317 3812 Iterata
339 3753 497 3827 reperitur
518 3753 712 3829 praepositio
736 3755 768 3811 X
786 3753 847 3811 221
870 3774 887 3830 ρ
907 3754 970 3814 525
990 3750 1319 3831 προπροκυλινδόμενος
1339 3757 1380 3822 (v.
1400 3751 1421 3813 l.

152 3850 264 3931 πρόχνυ
288 3852 520 3931 κυλινδόμενος).

183 4056 204 4125 Ι)
222 4061 341 4109 Vertatnr
365 4061 457 4120 igitur:
483 4061 553 4110 valde
572 4059 663 4124 piaque
687 4062 764 4110 solam
789 4061 875 4109 subeat.
900 4062 951 4110 Sed
973 4064 996 4110 si
1017 4060 1191 4110 misimianae
1215 4064 1424 4126 b.1.eeeenzap

151 4140 284 4201 mnus,
309 4140 439 4200 iungenda
464 4144 526 4188 snnt
550 4142 589 4189 od
618 4138 688 4197 οόόος
713 4138 765 4206 (aab
791 4140 849 4203 solo,
874 4145 905 4190 ut
931 4146 955 4188 Τ
974 4142 1021 4190 aba
1045 4138 1118 4207 alibi)
1143 4145 1178 4189 cai
1197 4140 1327 4204 paenam
1347 4154 1425 4201 quam

152 4218 345 4280 explicationem
364 4221 529 4268 commendat
545 4221 615 4269 eoois
633 4217 709 4277 οὖδας,
727 4235 794 4283 qnae
811 4219 956 4285 superficiem
974 4219 1029 4283 aoia',
1047 4235 1097 4268 non
1117 4225 1201 4270 terrae
1220 4221 1342 4270 interiora
1360 4218 1426 4268 solet
1495 4248 1500 4257 ·

152 4297 302 4358 significare,
319 4299 473 4360 proprietas.

183 4372 205 4441 ¹)
222 4378 287 4425 (lum
315 4379 535 4438 praepositionum
559 4382 621 4442 ἀμφί
647 4383 673 4427 et
696 4384 749 4443 napi
774 4381 893 4428 iunctura
910 4379 1019 4426 conferri
1037 4383 1124 4439 potest
1139 4394 1188 4427 vox
1209 4380 1309 4427 cretica
1327 4394 1424 4444 περιαμ·

153 4455 213 4509 ππε
229 4454 318 4503 πνουν
335 4457 399 4506 010.
418 4457 531 4505 aberres.
547 4459 592 4507 ne,
610 4456 657 4507 ree,
671 4457 718 4515 ue,
737 4461 769 4505 ef.
789 4458 888 4517 apulae
906 4455 1017 4507 ibid.1¹⁸.

182 4529 204 4599 ³)
220 4535 340 4584 Notabile
357 4539 398 4583 eet
414 4539 634 4598 praepositionum
652 4552 706 4599 par,
724 4552 790 4598 quae
808 4539 877 4599 apud
893 4539 1033 4586 Homerum
1043 4539 1194 4586 coniunctae
1212 4551 1262 4585 non
1277 4541 1424 4598 occurrunt,

155 4617 195 4678 πρό
212 4619 273 4680 πόρε
291 4615 353 4663 Hea-
371 4616 467 4677 Theog.
485 4618 534 4665 618
551 4618 598 4682 πρό
615 4617 668 4682 παρ’
685 4618 835 4682 Ἑσπερίδων.
852 4619 890 4666 cf.
908 4618 1059 4667 adverbium
1076 4621 1225 4683 προπάροιθε
1243 4616 1256 4676 5
1276 4612 1345 4663 ³18⁸.
