3120 5124
154 387 223 456 §iol
727 386 786 445 151

149 572 214 633 nulla
240 588 382 646 unquam
413 572 563 633 extitisse
595 572 754 633 eiusmodi
780 572 947 633 volumina
970 576 1027 633 aut
1050 578 1126 635 ante
1150 575 1280 636 illorum
1304 581 1387 638 aeta·

148 677 196 735 ten
221 673 305 734 nullo
336 675 475 748 vestigio
506 674 618 735 relicto
641 674 814 735 interiisse.
845 674 916 735 Uno
941 676 1039 748 igitur
1062 677 1226 737 duobusve
1251 679 1389 739 saeculis

145 776 200 836 ante
228 791 345 836 aevum
381 777 641 837 Ptolemaeorum
677 777 843 849 digamma
878 777 910 835 in
946 777 1087 837 Homero
1122 782 1293 839 exaratum
1325 796 1388 840 non

145 891 206 952 esse,
233 876 262 937 id
294 877 425 950 quidem
456 879 539 940 satis
562 879 688 939 certum
712 881 773 953 est,
799 879 855 938 sed
880 878 1022 938 multum
1045 879 1138 939 abest
1161 882 1198 939 ut
1222 881 1293 940 inde
1318 897 1388 941 con·

143 979 245 1038 cludere
274 979 367 1040 nobis
397 980 494 1040 liceat
523 994 689 1053 nunquam
712 981 745 1039 in
769 979 868 1039 Iliade
893 980 944 1040 vel
969 980 1113 1055 Odyssea
1136 981 1250 1042 aliisve
1276 984 1387 1043 carmi·

143 1080 215 1139 nibus
236 1080 334 1154 epicis
358 1082 529 1140 exaratum
554 1096 636 1142 esse.

174 1180 331 1255 Permagni
351 1183 509 1243 momenti
527 1184 561 1242 in
584 1183 636 1243 his
656 1182 753 1243 rebus
773 1181 1006 1256 perpendendis
1027 1185 1077 1245 est
1096 1186 1208 1245 textus
1229 1186 1387 1247 Pindarici

143 1284 324 1358 comparatio.
352 1284 527 1345 Pindarum
554 1284 663 1359 ipsum
687 1299 747 1344 sua
778 1284 923 1344 carmina
946 1286 1067 1346 chartis
1093 1289 1267 1348 mandasse
1291 1304 1387 1350 nemo

142 1387 232 1459 hegeh
262 1384 401 1445 habebat
432 1387 542 1444 autem
575 1386 646 1445 eius
678 1384 788 1458 lingua
819 1400 936 1445 sonum
967 1400 1041 1463 vau,
1074 1388 1165 1461 signo
1187 1390 1211 1448 f
1237 1391 1387 1452 homines

142 1486 166 1543 in
190 1485 310 1545 Boeotia
339 1487 515 1547 utebantur
544 1487 615 1547 eius
645 1488 752 1546 aetate
776 1487 893 1560 diuque
916 1490 1038 1564 postea,
1064 1490 1170 1563 ipsum
1194 1507 1257 1552 non
1281 1493 1385 1567 negle-

141 1588 211 1648 xisse
236 1589 317 1649 hanc
340 1603 516 1649 consonam
539 1588 666 1648 numeri
690 1589 760 1648 eius
784 1589 966 1648 carminum
990 1590 1214 1653 demonstrant
1239 1593 1260 1664 ¹)
1287 1630 1327 1637 -
1352 1599 1385 1656 et

141 1691 230 1750 tamen
260 1690 387 1750 nullum
419 1691 453 1749 in
495 1689 624 1750 Pindari
658 1689 820 1750 codicibus
853 1691 1019 1764 digamma
1053 1694 1144 1754 extat
1175 1689 1207 1765 ²).
1243 1697 1385 1771 Apparet

142 1791 220 1863 igitur
239 1807 257 1851 a
277 1792 418 1852 librariis
440 1791 545 1852 serius
568 1792 658 1852 ocius
681 1807 754 1851 esse
777 1792 936 1851 omissum
962 1785 994 1862 ⁸).

178 1892 314 1954 Pauciora
348 1894 404 1955 sed
439 1909 503 1954 non
533 1893 642 1953 minus
675 1894 763 1953 certa
793 1896 986 1966 argumenta
1016 1896 1169 1969 praebent
1200 1899 1384 1961 comoediae

143 1994 351 2072 Aristophanis,
382 1995 437 2069 qui
468 2010 712 2068 nonnumquam
743 1995 891 2056 homines
914 1995 1162 2070 Peloponnesios
1185 2015 1280 2060 suam
1304 2002 1383 2076 ipso·

143 2109 202 2154 run
219 2096 357 2172 linguam
380 2097 550 2170 loquentes
573 2096 605 2156 in
629 2112 762 2157 scenam
784 2096 921 2158 induxit.
947 2097 1082 2171 Lysistr.
1109 2116 1156 2162 vs.
1184 2104 1264 2164 155:

381 2194 482 2278 ὁγῶν
505 2195 661 2270 Μενέλαος
684 2206 735 2269 τᾶς
753 2192 874 2269 Ἑλένας
897 2196 932 2256 τὰ
955 2196 1033 2275 pate
1056 2220 1097 2282 πα

379 2309 495 2379 γυμνᾶς
518 2297 673 2380 παραϊδὼν
697 2294 817 2378 ἐξέβαλ’,
839 2299 902 2375 οἰῶ,
924 2297 956 2359 τὸ
979 2300 1073 2377 ξίφος.

181 2399 242 2461 Ibid.
266 2419 311 2463 va.
338 2404 440 2466 1095:

713 2500 763 2562 ναὶ
787 2501 826 2563 νὼ
850 2501 903 2563 σιὼ

379 2617 475 2689 παντᾷ
497 2623 543 2685 γα·
567 2602 638 2683 φέρε
661 2603 693 2665 τὸ
716 2602 805 2676 ἔσθος
829 2602 1041 2684 ἀμβαλώμεθα.

141 2701 348 2767 Dubitemusne
379 2707 456 2780 quin
488 2704 665 2785 aepcirdbv
696 2709 729 2767 et
759 2704 872 2778 ἱέσθος
904 2709 937 2766 in
969 2709 1038 2767 suis
1068 2710 1278 2782 pugillaribus
1310 2728 1380 2772 exa·

143 2807 240 2865 raverit
266 2809 506 2884 Aristophanes,
537 2809 570 2868 in
594 2809 699 2883 prima
722 2808 848 2869 fabulae
873 2810 1011 2870 editione
1036 2812 1223 2885 scripserint
1247 2814 1379 2889 librarii,

143 2904 172 2962 in
195 2922 276 2970 soeua
305 2910 423 2970 dixerit
453 2911 524 2984 ipsa
553 2911 760 2984 Lysistrata?
791 2912 947 2972 Attamen
978 2910 1133 2990 παραϊδὼν
1165 2918 1198 2975 et
1229 2912 1261 2975 τὸ
1292 2912 1381 2987 ἔσθος

143 3005 227 3067 estin
248 3012 364 3072 nostris
388 3013 558 3074 codicibus.

178 3108 324 3173 Alcmauis
347 3114 567 3187 fragmentum
591 3114 624 3173 in
647 3130 768 3189 papyro
793 3116 1017 3177 vetustissimo
1040 3120 1204 3191 repertum
1228 3133 1291 3177 uno
1312 3118 1381 3178 loco

143 3207 246 3272 exhibet
277 3215 442 3288 digamma
471 3215 639 3293 (fulvam),
678 3216 823 3291 pluribus
853 3218 993 3279 omittit:
1026 3221 1098 3292 quis
1128 3235 1192 3279 non
1223 3219 1382 3293 intellegit

142 3313 229 3384 magni
247 3317 405 3390 naufragii
428 3318 512 3378 hunc
536 3319 668 3378 unicum
690 3320 810 3378 testem
834 3334 911 3379 casu
935 3322 1129 3393 superesse?

177 3409 347 3487 Epicharmo
367 3419 532 3491 digamma
553 3419 601 3479 bis
622 3421 768 3493 ereptum
788 3421 839 3479 est
857 3420 889 3479 in
910 3421 1017 3480 codice
1035 3420 1193 3481 Athenaei
1205 3426 1244 3495 (p.
1260 3423 1322 3481 338
1333 3425 1379 3491 dt:

142 3507 231 3575 illlum
257 3515 365 3598 ἔρανον
396 3516 498 3579 ἑστιῶν
530 3522 563 3581 et
594 3516 666 3578 ἀλλὰ
697 3517 804 3597 ἔρανόν
834 3540 879 3579 τοι
901 3517 984 3599 λέγω,
1012 3522 1149 3582 reddidit
1172 3524 1201 3581 ei
1225 3523 1379 3599 Meineke,

141 3610 178 3671 sic
194 3622 325 3680 metrum
348 3622 520 3696 ipsumque
541 3624 654 3696 poetae
678 3623 785 3683 iocum
809 3623 994 3683 restituens

176 3714 331 3783 simillima
359 3727 436 3783 sunt
467 3725 639 3784 observata
670 3725 708 3784 de
743 3724 915 3796 Theognid.
947 3740 995 3783 va.
1029 3726 1103 3799 548,
1135 3727 1208 3799 574,
1240 3726 1314 3799 413,
1340 3727 1378 3784 cf.

140 3815 270 3882 li·Hertel
292 3823 313 3884 l.
338 3824 359 3884 l.
384 3840 413 3898 p.
439 3826 491 3885 83.
527 3825 567 3884 Et
599 3825 663 3884 alia
694 3827 829 3899 possunt
860 3825 1028 3896 cumulari,
1060 3826 1116 3885 sed
1148 3841 1249 3884 unum
1273 3827 1379 3885 locum

140 3923 279 3986 praeterea
312 3926 474 3986 addidisse
509 3927 591 3987 satis
626 3927 795 3986 habemus.
831 3927 1011 3986 Pausanias
1041 3927 1067 3983 V
1101 3928 1141 3984 24
1171 3927 1188 3995 5
1216 3929 1235 3985 3
1270 3928 1381 3986 narret

140 4015 281 4098 Olympiae
312 4031 424 4088 extare
457 4029 544 4088 Iovis
567 4029 712 4088 statuam
734 4044 754 4088 a
778 4028 1039 4088 Lacedaemoniis
1063 4029 1242 4087 dedicatam
1266 4030 1298 4087 et
1322 4029 1381 4089 hoc

139 4119 214 4185 titulo
234 4129 438 4204 inscriptam:

184 4301 330 4313 ---—..-.-—

165 4400 181 4466 ¹)
196 4407 228 4455 Gi.
244 4413 362 4460 nlisrtel
379 4413 396 4458 l.
413 4413 430 4459 l.
449 4427 473 4472 p.
492 4415 522 4460 83
541 4427 596 4472 sqq.

165 4478 221 4547 ²)1n
237 4492 347 4538 vocalem
366 4496 451 4539 tamen
469 4496 595 4539 mutatum
614 4494 733 4551 superest
751 4492 776 4536 in
794 4504 855 4537 voce
874 4493 948 4535 αι’«ἀτα
966 4492 1039 4550 Pyth.
1057 4493 1083 4538 II
1102 4495 1140 4539 28.

164 4559 181 4621 ³)
196 4566 244 4614 lid.
261 4570 342 4632 Bergk
360 4572 431 4620 Poet.
450 4573 507 4632 Lyr.
526 4571 550 4617 1⁴
568 4588 592 4635 p.
611 4575 651 4634 32,
670 4570 861 4619 intuor-Elaos
879 4570 891 4614 I
909 4584 933 4631 p.
953 4572 983 4617 32
1002 4575 1028 4620 et
1046 4574 1085 4631 79,
1106 4576 1128 4621 l.
