3120 5124
648 397 708 454 431

257 579 456 657 Ἀπολλωνίδη
480 576 577 656 tosti,
600 575 631 639 σὲ
655 575 708 657 μὲν
733 579 904 660 γοάοντε
927 588 1017 660 youths

258 678 416 761 μυρομένω
439 681 549 756 θάψαν
572 679 629 743 κτὲ.
644 686 665 752 ¹)

122 784 175 844 aud
208 785 320 859 paucis
355 787 467 845 autem
502 784 580 845 locis
615 784 740 846 codices
771 786 856 846 inter
887 785 1028 845 formam
1057 786 1249 847 distractam
1279 788 1312 847 et

122 889 182 946 tam
217 888 363 967 vomant,
394 888 458 947 vid.
491 889 568 946 263
599 909 619 963 η
646 889 718 964 114,
753 890 825 957 116,
859 890 922 947 319
953 889 1052 947 ι416
1083 887 1160 948 Hes.
1193 888 1311 962 Theog.

136 986 221 1062 Oper.
247 990 311 1048 389
336 988 423 1049 Scut.
451 990 522 1048 lul.
548 987 633 1048 Alibi
657 1003 742 1064 vero,
768 989 851 1062 quod
875 989 984 1049 nescio
1009 1004 1051 1049 an
1074 989 1187 1049 utilius
1211 990 1312 1050 etiarn

122 1090 147 1149 td
167 1089 315 1150 morbum
338 1088 591 1162 dignoscendum
611 1090 744 1163 eiusque
762 1089 921 1163 originem
941 1090 1168 1167 indagandam,
1189 1091 1312 1152 formae

122 1194 154 1250 ut
183 1194 253 1251 tam
288 1191 446 1251 absurdae
480 1192 517 1250 ut
550 1206 647 1251 nemo
682 1206 737 1251 eas
775 1192 867 1252 hodie
898 1194 985 1253 certe
1017 1192 1210 1253 defensurus
1240 1209 1313 1254 esse

122 1295 200 1367 utur3
235 1293 348 1366 quales
378 1295 456 1353 eunt
486 1292 717 1376 ναιετοώσῃ,
749 1293 996 1365 ναιεταώσας
1028 1296 1057 1352 Γ
1085 1296 1159 1370 387,
1192 1297 1216 1353 Β
1248 1297 1312 1355 sla

137 1409 214 1466 quas
236 1394 277 1455 ab
301 1395 488 1455 Aristarcho
511 1395 683 1455 damnatas
708 1411 780 1456 esse
806 1410 904 1471 supra
928 1396 1092 1461 vidimus..

122 1495 170 1555 lde
211 1497 293 1569 quod
337 1512 394 1557 eae
429 1496 517 1556 solae
551 1496 674 1557 formae
711 1497 868 1558 diastasin
905 1500 982 1558 eunt
1018 1513 1199 1575 perpessae,
1231 1514 1314 1574 quae

122 1597 167 1656 usi
196 1611 258 1657 non
289 1598 564 1674 contraherentur,
592 1598 723 1672 longam
747 1600 858 1659 tamen
883 1599 1040 1660 haberent
1062 1600 1241 1677 syllabam3
1266 1603 1313 1662 sic

148 1699 304 1773 reperitur
338 1715 394 1774 pro
430 1695 520 1777 ὁράει,
554 1701 610 1761 sed
646 1716 809 1774 nusquam
844 1705 1011 1776 comparet
1041 1697 1117 1778 ὁράᾱ
1147 1717 1203 1776 pro
1235 1701 1312 1780 ὅραι.

122 1802 233 1874 tropter
268 1815 331 1860 uon
368 1804 418 1860 est
452 1802 585 1862 dubium
615 1803 692 1875 quin
725 1801 934 1877 subiunctivi,
967 1817 1031 1862 non
1062 1803 1237 1880 indicativi,
1269 1807 1314 1867 sit

122 1902 349 1980 inungebantur
373 1903 449 1964 Hes
476 1903 567 1979 Oper.
595 1905 676 1965 241:

257 2002 289 2075 ὃς
312 2027 354 2076 τις
378 2001 530 2088 ἀλιτραίνῃ
554 2002 603 2063 καὶ
627 2002 784 2064 ἀτάσθαλα
807 2004 1075 2083 μηχανάαται,

122 2119 124 2164 l
147 2121 263 2180 negare
287 2122 351 2168 non
373 2107 509 2168 debebat
532 2108 649 2168 Rzach.
674 2108 788 2181 Itaque
812 2108 981 2169 distractio
1006 2109 1038 2169 in
1062 2109 1221 2170 eiusmodi
1244 2111 1311 2170 tan·

134 2208 244 2268 formis
267 2209 418 2284 cernitur,
443 2209 558 2282 quibus
581 2209 733 2283 prodesse
757 2224 820 2269 non
844 2210 959 2285 potuit,
979 2212 1132 2283 quoniam
1154 2213 1312 2285 genuinae

124 2324 158 2369 ae
180 2310 317 2371 totidem
342 2325 450 2370 moras
474 2310 646 2385 explebant
669 2315 747 2384 quot
768 2311 961 2385 distractae3
983 2327 1145 2386 nusquam
1167 2312 1311 2374 adhibita

122 2409 161 2469 rbi
173 2411 351 2471 utilitatem
371 2411 515 2484 aliquam
534 2411 651 2472 habere
671 2412 832 2485 potuisset
851 2411 891 2471 ad
912 2412 1071 2486 longiores
1094 2429 1193 2487 quam
1205 2417 1311 2489 prisca

122 2510 209 2571 bebat
238 2511 350 2585 lingua
380 2512 552 2573 verborum
583 2513 705 2573 formas
735 2514 965 2587 procudendas.
990 2515 1072 2589 urgo
1096 2516 1157 2576 hoo
1180 2518 1311 2589 quidem

122 2614 256 2674 ssimum
280 2616 341 2689 est,
368 2615 621 2691 distractionem,
643 2617 671 2676 si
692 2630 834 2687 unquam
856 2616 1003 2676 extiterit
1027 2618 1060 2677 in
1079 2618 1190 2692 lingua
1209 2620 1309 2695 epioe,

122 2729 205 2775 trum
228 2718 314 2776 certe
337 2717 369 2775 in
393 2718 599 2777 commodum
625 2733 688 2778 non
713 2718 814 2778 fuisse
839 2717 1016 2778 inventam.

122 2818 271 2889 teroquin
290 2817 419 2877 illorum
440 2819 571 2878 tantum
592 2819 772 2894 verborum,
794 2833 930 2893 quorum
951 2821 1050 2895 stirps
1074 2823 1143 2882 exit
1167 2823 1200 2882 in
1225 2823 1308 2883 litte·

122 2936 149 2992 ο,
169 2921 240 2980 sine
262 2921 340 2980 vitio
359 2921 494 2981 distrahi
515 2936 611 2996 posse
629 2922 762 2996 formas
776 2921 853 2982 olim
867 2921 929 2982 luit
940 2922 1056 2996 opinio.
1071 2923 1199 2984 Dudum
1211 2924 1310 2998 igitur

122 3022 168 3081 ati
192 3024 269 3082 sunt
292 3022 353 3082 loci
377 3024 508 3100 aliquot,
533 3024 587 3084 ubi
612 3024 782 3084 verborum
808 3025 840 3084 ln
864 3023 1159 3085 indesinentium
1184 3026 1308 3086 similes

122 3139 155 3183 ee
183 3126 371 3184 occurrunt:
396 3122 519 3202 άρόουσι
545 3148 555 3182 ι
579 3129 650 3201 108,
676 3125 807 3202 δηιόοιεν
831 3146 927 3197 -οντες
951 3147 1034 3184 -οντο
1059 3126 1077 3185 δ
1103 3128 1165 3186 226
1189 3131 1221 3185 Λ
1246 3129 1308 3187 153

122 3225 170 3298 75,
203 3223 327 3284 δυόουσι
354 3248 373 3284 v
400 3228 521 3302 195(7),
548 3224 737 3304 ἕστοατόοντο
761 3229 789 3284 Γ
812 3229 871 3288 187
898 3231 925 3285 Δ
950 3229 1023 3303 878,
1049 3227 1197 3300 δεξιόοντο
1222 3230 1252 3288 h.
1278 3229 1305 3287 V

122 3340 173 3398 pro
207 3323 294 3384 -όωσι
328 3325 488 3402 -όσινισ’);
516 3363 555 3372 -
585 3330 715 3404 optime,
744 3328 799 3388 sed
833 3328 888 3388 alii
921 3330 1073 3403 permulti
1104 3344 1167 3390 non
1198 3330 1309 3390 minus

122 3428 174 3486 lter
197 3430 375 3501 aegrotant.
395 3429 501 3491 Nihilo
521 3431 607 3490 enim
628 3431 769 3490 deterius
789 3432 841 3489 est
860 3426 970 3506 ἀρόωσι
989 3446 1045 3504 pro
1066 3428 1189 3506 ἀρόσσσι
1209 3447 1308 3505 quam

122 3544 144 3585 σι
166 3545 222 3603 pro
246 3525 379 3607 δράσασι,
402 3531 457 3591 sed
481 3532 656 3591 absurdum
681 3532 732 3590 est
756 3534 938 3604 utrumque.
964 3532 1030 3589 Aut
1050 3531 1129 3591 haec
1148 3547 1224 3591 cum
1243 3533 1308 3593 illis

122 3645 254 3707 ruamus,
278 3633 337 3690 aut
358 3648 424 3691 una
446 3632 549 3706 opella
571 3633 737 3693 deleamus
757 3636 873 3693 cuncta
893 3632 982 3708 vitia,
1003 3648 1086 3706 quae
1107 3649 1190 3694 unus
1209 3634 1307 3695 idem-

136 3732 205 3792 lons
239 3734 272 3792 in
304 3732 409 3792 lucem
441 3735 582 3808 protulit.
615 3735 684 3794 Non
717 3733 823 3793 levem
856 3739 965 3795 autem
997 3734 1126 3795 laudem
1159 3736 1308 3797 ducimus

122 4076 140 4123 [u
159 4080 368 4139 theodotionibus
390 4095 415 4141 p.
435 4081 462 4128 Ο.
480 4095 505 4128 n.
524 4082 632 4128 exaratis
652 4082 755 4127 minime
776 4095 831 4126 rara
850 4085 889 4127 est
906 4079 1043 4137 dieutasis;
1062 4079 1094 4125 ct.
1109 4079 1199 4127 Kaibol
1218 4079 1305 4139 Epigr.

127 4155 187 4214 l08¹‚
204 4156 273 4221 298¹,
291 4156 370 4221 312⁸,
389 4159 472 4217 1009⁴,
492 4158 574 4208 imit

122 4235 259 4285 iddendum
277 4242 324 4299 est,
342 4239 411 4298 quod
430 4254 476 4287 nos
493 4241 577 4301 primi,
594 4242 620 4287 ni
638 4241 720 4296 fallor,
740 4241 910 4286 correximus:
937 4242 1148 4299 κατησιόσνσσ
1172 4251 1218 4298 pro
1237 4255 1306 4285 -omo

124 4313 141 4360 7.
162 4317 210 4364 Pro
235 4323 292 4380 σόῳ
323 4322 350 4364 et
375 4322 448 4380 σύας
475 4326 489 4366 l
508 4321 563 4373 lut,
595 4322 640 4367 681
672 4334 731 4367 oum
760 4321 875 4367 Nauckio
903 4319 1064 4365 restituimus
1090 4320 1149 4379 σαόῃ
1175 4321 1201 4365 et
1229 4317 1306 4379 σαόῃς,

122 4396 229 4443 tvocula
245 4413 276 4443 n.
299 4397 442 4445 Absurdam
461 4403 546 4446 autem
564 4400 673 4447 ior-mam
698 4403 844 4463 Ιρχατόισισσ
861 4397 873 4452 ξ
893 4400 924 4444 15
942 4399 1040 4457 optimo
1058 4399 1114 4445 iure
1132 4397 1264 4444 damnavit
1281 4400 1307 4444 ot

122 4471 170 4520 ioca
195 4478 339 4524 coniectura
364 4478 492 4536 corrigere
510 4479 609 4525 studuit
625 4479 645 4524 1.
666 4480 699 4525 M.
718 4478 859 4537 Hoogvliat.
884 4476 913 4522 Iu
931 4489 1007 4523 vorsu
1030 4478 1144 4522 othon
1162 4478 1307 4539 λγρηγσρόων

122 4563 132 4596 fl
148 4558 185 4601 002
201 4555 245 4603 sod
264 4556 280 4602 l.
299 4569 321 4602 ι.
341 4556 414 4620 ’ρλωῑ
