3120 5124
719 356 721 360 Α
751 398 817 457 seo
1292 392 1377 470 [erle

141 587 308 667 ῥηγνυ-ντι,
332 584 443 656 ἕσ-σσι).
468 585 591 646 Sufflxo
615 599 678 643 -ᾱσι
700 600 778 646 vero
798 585 829 655 (i.
844 601 871 646 e.
893 588 994 660 σπι),
1011 585 1096 658 quod
1114 585 1229 660 postea
1248 584 1279 644 in
1296 584 1379 644 boum

140 689 362 766 praesentium
391 689 530 748 flexione
563 687 722 762 regnavit,
756 687 853 747 dictio
877 685 968 762 epica
991 687 1095 746 utitur
1117 687 1248 746 tantum
1269 685 1299 744 in
1319 683 1380 744 verti

142 790 203 868 εἰμί
235 791 339 850 forma
373 790 477 850 altera
513 786 628 864 ἕᾱσι(ν),
657 804 741 862 quae
772 787 886 847 multis
917 787 998 847 locis
1021 788 1191 863 reperitur,
1216 789 1250 847 et
1270 786 1300 845 in
1319 783 1381 845 verbi

141 884 200 970 εἶμι
222 894 259 952 3⁸
272 906 410 967 persona
433 890 568 966 pluralis
591 887 653 948 ἴᾱσι
676 891 712 961 (Β
737 890 790 959 87)
816 890 850 947 Π
873 889 946 964 160,
970 890 1004 950 st
1026 888 1248 965 praeteream
1266 885 1383 963 perlectis

140 993 254 1069 Ησᾶσι,
275 991 413 1069 μεμάᾶσι,
435 989 561 1070 βεβάᾱσι
584 992 644 1052 eto.
674 988 704 1060 ¹).

185 1096 350 1156 Accentus
385 1096 574 1168 formarum,
610 1108 692 1167 quas
723 1093 908 1170 attulimus,
944 1092 1040 1152 ἱστᾶσι
1067 1094 1129 1154 etc.
1163 1092 1249 1152 sitne
1273 1106 1310 1151 ex
1328 1087 1384 1149 acti·

141 1199 301 1273 quissima
333 1196 483 1258 flectendi
516 1195 641 1256 ratione
672 1195 854 1271 assumtus,
882 1209 924 1256 an
948 1194 1103 1256 debeatur
1126 1193 1228 1255 errori
1257 1203 1385 1266 mamma·

142 1302 291 1375 ticorum,
327 1299 382 1372 qui
416 1297 539 1358 formas
574 1295 765 1356 Homeritas
797 1312 839 1356 ex
866 1295 1052 1370 vulgarium
1073 1291 1193 1354 τιθέασι
1215 1291 1324 1354 διδόασι
1341 1292 1387 1351 etc.

143 1401 360 1462 contractione
396 1400 491 1459 natas
523 1412 595 1457 esse
626 1398 790 1471 putarent,
814 1397 988 1458 dubitatur.
1017 1397 1087 1458 Hoc
1111 1412 1188 1458 cum
1211 1395 1387 1469 Brugmauue

143 1505 229 1565 Ourt.
255 1501 344 1564 Stud.
371 1501 417 1560 IX
440 1517 470 1575 p.
497 1501 560 1560 296
586 1500 653 1560 veri
676 1499 988 1561 similiusducimus
1010 1499 1127 1560 collato
1147 1497 1305 1559 consimili
1320 1493 1390 1565 vitio,

142 1605 225 1679 quod
257 1603 471 1664 commissum
499 1602 607 1662 estin
631 1601 729 1662 verbo
753 1597 867 1680 ἀγᾶσθε
892 1622 904 1661 ε
931 1602 1004 1677 129,
1028 1601 1083 1661 ubi
1106 1597 1224 1680 ἄγασθε
1247 1596 1391 1674 legendum

142 1722 214 1767 esse
238 1705 401 1766 intellexit
423 1703 642 1777 Herodianus;
669 1702 731 1763 rid.
754 1700 774 1778 ᾖ
799 1698 888 1764 305¹.

187 1807 274 1868 Satis
297 1807 408 1866 autem
432 1803 581 1865 credibile
604 1805 656 1864 est
672 1802 753 1864 fines
772 1804 922 1865 flexionis
940 1805 973 1865 in
996 1826 1044 1881 -μι
1064 1803 1170 1864 multo
1190 1803 1296 1878 latius,
1314 1808 1396 1874 quam

142 1925 160 1970 e
183 1910 277 1969 textu
302 1907 474 1968 Homerico
497 1920 583 1965 nunc
606 1908 749 1980 apparet,
773 1905 944 1979 aliquando
965 1906 1130 1982 patuisse;
1157 1920 1215 1981 pro
1235 1901 1317 1983 ὁρᾶτο
1336 1909 1399 1969 eg·

142 2011 250 2086 potius
285 2007 372 2088 ὅρασσ
409 2007 460 2069 vel
495 2005 583 2086 ὅρησο
617 2022 688 2067 esse
721 2007 944 2084 scribendum;
978 2008 1017 2070 ci.
1050 2007 1139 2087 κίρνᾶ
1172 2004 1286 2085 ἕδάμνᾱ
1310 2006 1359 2066 ett.
1383 2009 1405 2053 a

143 2111 249 2173 verbis
272 2110 393 2191 κίρνημι
416 2108 549 2187 δάμνημι
573 2111 646 2184 etc,
671 2111 705 2169 et
726 2110 790 2170 vid.
813 2107 833 2185 ᾖ
856 2113 876 2172 6
901 2113 934 2172 et
960 2113 1033 2172 195.

662 2394 905 2402 ———.—-.-—

520 2721 522 2725 ⁷
649 2611 836 2695 clauo
861 2611 911 2696 V.

577 2791 627 2846 ne
650 2789 776 2846 torma
796 2788 981 2847 lteratrvre.
1029 2760 1033 2771 '

186 2981 305 3066 5146.
341 2985 457 3061 Stirpis
486 2985 727 3045 incrementum
754 2999 829 3061 σκ-,
859 2999 922 3058 quo
952 2984 1056 3046 multa
1088 2986 1187 3046 verba
1218 2987 1349 3048 utuntur
1372 2982 1421 3045 iffi

143 3089 268 3151 cunctis
286 3088 401 3149 formis
420 3087 602 3162 praesentis
621 3090 718 3160 atque
737 3085 918 3162 imperfecti
937 3087 1012 3157 (vid.
1032 3087 1148 3164 5140),
1165 3088 1328 3150 nonnullis
1344 3087 1409 3148 stirr

142 3191 237 3266 pibus
274 3190 309 3249 in
338 3189 502 3249 indicativo
532 3191 662 3249 tantum
693 3187 862 3263 imperfecti
894 3188 945 3249 vel
976 3189 1084 3250 cort'att
1114 3190 1263 3251 adicitur.
1299 3189 1404 3251 Multae

143 3291 328 3353 huiusmodi
360 3290 484 3351 formae
509 3324 548 3333 -
573 3292 705 3351 centum
737 3293 770 3351 et
793 3292 928 3364 triginta
950 3292 1137 3352 numeravit
1161 3291 1292 3353 Curtius
1316 3291 1407 3351 -in

144 3394 242 3470 epicis
273 3393 470 3453 carminibus
502 3394 683 3468 occurrunt,
715 3393 886 3468 pleraeque
918 3395 1029 3454 tamen
1051 3394 1163 3468 paucis
1185 3396 1318 3455 tantum
1341 3393 1410 3455 locu

143 3496 356 3570 reperiuntur,
380 3495 426 3554 ita
449 3496 486 3553 ut
510 3509 567 3568 pro
590 3510 624 3554 re
648 3496 725 3554 nata
748 3496 789 3556 ab
813 3496 893 3570 ipsis
916 3495 1020 3570 poetis
1039 3493 1133 3554 fictas
1154 3509 1228 3555 esse
1256 3496 1411 3571 appareat

144 3597 304 3657 Itercttoce
338 3596 400 3656 dici
432 3595 548 3671 solent,
580 3597 734 3669 quoniam
765 3598 918 3658 iteratam
941 3597 1103 3658 actionem
1126 3597 1280 3659 indicant.
1306 3598 1413 3675 Quam·

143 3714 241 3772 quam
274 3698 440 3773 primitiva
469 3699 550 3758 haec
581 3697 668 3758 notio
698 3699 814 3759 multis
837 3699 917 3760 locis
939 3700 986 3758 ita
1010 3699 1154 3775 evanuit,
1177 3704 1216 3761 ut
1238 3701 1325 3762 lnter
1347 3701 1415 3762 stm-

143 3799 243 3875 plices
266 3800 390 3860 formas
413 3801 447 3860 et
470 3800 639 3860 iteratlvas
664 3801 720 3860 vix
745 3802 918 3875 quicquam
941 3801 974 3861 in
997 3801 1137 3863 dictione
1160 3803 1252 3878 opica
1274 3802 1416 3876 intersit;

144 3918 172 3963 e.
186 3917 215 3975 g.
241 3892 335 3978 ἧσσον
358 3892 429 3977 ἧσκε
452 3916 515 3961 non
535 3901 719 3975 significant
738 3919 825 3978 coepe
845 3902 897 3963 vel
916 3902 1081 3962 monimen
1101 3919 1200 3980 mom,
1221 3907 1298 3980 erat,
1320 3918 1419 3978 neque

141 4003 264 4079 tetam,
292 4003 392 4079 fiebat,
425 4003 481 4063 sed
510 4019 609 4079 mam,
640 4007 716 4078 erat,
740 4007 777 4064 ut
798 3995 838 4081 ἦα
862 4006 895 4064 et
917 3994 979 4080 ἦεν.
1002 4004 1140 4066 Nomine
1165 4007 1278 4067 autem
1304 4009 1339 4067 et
1362 4022 1419 4068 usu

145 4107 250 4179 magis
282 4120 380 4178 quam
412 4121 445 4165 re
476 4106 562 4165 inter
589 4120 624 4165 se
648 4105 831 4180 discrepant
854 4105 1041 4165 inchoativae
1064 4109 1098 4167 et
1118 4107 1276 4168 iteratim
1300 4108 1421 4169 formae

145 4207 342 4282 imperfecti;
376 4205 432 4266 illa
464 4206 551 4266 enlm
583 4221 660 4266 voce
692 4222 712 4267 a
742 4208 966 4280 grammaticis
994 4208 1206 4282 designantur
1236 4209 1265 4269 si
1297 4210 1420 4271 accedit

178 4485 197 4552 ¹)
215 4490 327 4538 Perfecti
357 4491 495 4538 terminum
522 4504 572 4537 non
599 4506 659 4536 -am
678 4485 721 4554 (=
738 4489 786 4566 egli)
811 4491 857 4538 ssd
875 4491 1083 4551 metaplastioum
1101 4492 1226 4541 suffixum
1243 4509 1324 4541 -σσηι
1341 4482 1419 4543 inimo

145 4570 219 4629 putat
237 4569 348 4630 Ourtlns,
367 4569 411 4628 qui
430 4573 455 4615 et
473 4569 531 4616 aliis
548 4571 676 4630 persuasit
694 4574 719 4617 at
739 4571 810 4619 mihi.
828 4571 981 4631 Obloquitnr
998 4574 1085 4619 tamen
1103 4571 1133 4622 G.
1155 4573 1253 4634 Meyer.
