3120 5124
761 413 826 473 366
1301 412 1331 484 [ἓ
1357 413 1409 474 149

144 603 218 674 (real
249 602 452 663 indicandam
489 601 671 674 usurpetur.
705 599 766 660 Sed
797 600 829 658 in
855 600 952 660 huius
977 600 1065 660 verbi
1097 600 1237 661 flexione
1260 600 1413 661 actionem

144 704 367 765 continuatam
391 703 442 763 vel
466 703 620 762 iteratam
644 702 847 778 exprimebat
871 702 1082 775 praeteritum
1111 702 1225 777 stirpis
1248 702 1415 776 productae

143 802 306 882 ἔ-βαλλ-ον,
335 804 489 865 scribendi
521 819 596 864 vero
629 803 765 863 verbum
796 803 978 876 praesentis
1000 804 1137 878 stirpem
1162 819 1226 863 non
1248 804 1344 863 auxit
1365 803 1416 864 sed

143 921 265 966 novum
288 907 500 980 praeteritum
525 904 705 980 procreavit
728 903 938 976 sigmaticum
962 901 1088 982 ἔγραψα.
1112 903 1247 964 Nullum
1273 938 1315 947 -
1339 905 1417 979 apud

143 1007 323 1068 Homemm
347 1008 434 1067 certe
460 1040 500 1049 -
524 1008 575 1065 est
599 1003 862 1065 conformationis
886 1006 944 1063 aut
966 1004 1116 1065 flexionis
1139 1004 1317 1065 discrimen
1339 1005 1419 1064 inter

143 1109 318 1183 praeterita
348 1105 425 1183 ἔφην
454 1108 487 1167 et
517 1104 601 1184 ἔβην,
624 1105 680 1166 sed
703 1104 782 1164 illud
811 1104 1038 1179 imperfectum
1062 1106 1125 1166 dici
1148 1106 1242 1181 solet,
1268 1107 1419 1179 quoniam

143 1225 298 1285 praesens
333 1211 384 1269 est
420 1209 508 1286 φημί,
537 1208 597 1268 hoc
621 1206 773 1279 aoristus,
793 1206 869 1278 quia
891 1221 1045 1281 praesens
1073 1211 1106 1267 et
1128 1207 1360 1281 imperfectum
1383 1208 1419 1268 ab

143 1313 240 1372 aucta
262 1313 363 1386 stirpe
386 1312 465 1371 sunt
487 1309 593 1370 ducta.

186 1413 223 1472 In
243 1412 355 1473 aoristi
373 1410 416 1471 11¹
438 1412 577 1472 flexione
597 1409 681 1471 solet
699 1409 811 1470 vocclr'e
830 1408 994 1469 libertatico
1013 1411 1180 1484 usurpari;
1204 1425 1288 1484 quae
1311 1414 1420 1472 tamen

141 1528 204 1573 non
228 1528 301 1573 raro
324 1514 426 1587 abest,
450 1528 509 1573 nec
533 1512 640 1572 solum
666 1543 705 1554 —
738 1512 776 1571 ut
799 1511 883 1585 apud
907 1511 1034 1570 Atticos
1054 1545 1094 1552 -
1124 1512 1164 1572 ab
1193 1513 1328 1572 aoristis
1350 1528 1421 1587 quo

141 1630 214 1674 rum
246 1615 345 1690 stirps
379 1614 575 1675 terminatur
609 1612 723 1686 vocali,
759 1627 787 1671 e.
806 1626 836 1684 g.
861 1608 945 1689 ἔβην,
974 1612 1032 1672 sed
1068 1613 1171 1672 etiam
1203 1615 1279 1689 post
1306 1615 1423 1690 stirpes

141 1716 312 1777 nonnullas
335 1716 463 1790 generis
485 1716 589 1790 medii,
614 1729 695 1788 quas
718 1713 841 1775 claudit
864 1727 1014 1789 consona,
1039 1714 1164 1775 omissa
1176 1718 1280 1792 este.
1293 1730 1324 1790 g.
1350 1707 1423 1793 ὦρτο

142 1817 162 1894 ξ
188 1811 276 1893 284⁴,
300 1817 451 1895 fdoprvoc
472 1815 492 1892 ξ
517 1810 592 1876 221⁴
617 1815 650 1885 ¹).

186 1919 248 1979 Ubi
278 1919 372 1980 adest
402 1919 581 1978 thematica
611 1916 743 1992 vocalis,
775 1916 886 1977 aoristi
915 1917 1048 1977 secundi
1072 1919 1187 1977 amant
1211 1919 1422 1994 reduplicurie

141 2035 214 2079 uem
238 2018 290 2096 (ci.
313 2018 333 2095 ξ
358 2022 449 2094 136);
474 2020 566 2080 cuius
589 2019 735 2093 syllabae
755 2017 884 2078 liberior
903 2019 954 2078 est
978 2033 1068 2094 usus,
1090 2019 1314 2094 compluribus
1336 2021 1422 2081 enim

142 2122 282 2197 aoristis,
295 2136 375 2195 quos
395 2137 472 2182 mox
485 2120 736 2195 recensebimus,
749 2120 844 2194 poeta
863 2118 969 2193 prouti
989 2119 1115 2180 luberet
1135 2121 1423 2196 reduplicationem

144 2224 239 2284 modo
262 2224 376 2284 tribuit
399 2224 493 2285 modo
518 2223 698 2296 denegavit.

187 2324 324 2384 Omnino
354 2329 467 2386 autem
498 2340 617 2398 magna
648 2324 797 2385 libertate
831 2324 880 2384 usi
913 2324 991 2383 sunt
1012 2325 1127 2398 poetae
1151 2325 1233 2399 epici
1257 2325 1291 2384 in
1317 2326 1422 2386 verbo·

143 2442 217 2486 rum
241 2425 355 2485 formis
378 2424 579 2501 effingendis,
604 2425 651 2486 ita
675 2428 711 2485 ut
733 2425 789 2484 uni
813 2425 982 2498 eidemque
1007 2425 1103 2485 verbo
1135 2425 1222 2486 haud
1245 2441 1320 2487 raro
1346 2426 1423 2487 duos

143 2528 195 2588 vel
231 2527 331 2599 ctiam
362 2526 472 2601 plures
503 2527 643 2588 aoristos
673 2527 852 2587 tribuerent
875 2527 945 2586 sine
969 2526 1035 2586 ullo
1058 2527 1200 2587 notionis
1224 2527 1421 2589 discrimine.

142 2629 298 2704 Exemplo
331 2629 376 2689 sit
406 2630 541 2689 verbum
572 2625 732 2706 τέρπεσθαι
767 2628 910 2688 delectari
939 2626 1057 2703 pato,
1090 2629 1184 2688 cuius
1213 2629 1357 2704 quinque
1383 2629 1420 2691 ad

143 2731 317 2791 minimum
337 2733 450 2792 coristi
470 2732 741 2793 circumferuntur
761 2731 794 2790 in
815 2730 1013 2791 carminibus
1030 2729 1230 2792 Homericis:
1252 2727 1420 2810 ἐναρπόμην

144 2832 195 2892 vel
227 2829 426 2910 ἔτεταρπόμην
459 2834 510 2894 vel
538 2830 708 2912 ἑτερψάμην
732 2831 784 2891 vel
816 2827 966 2908 ἕτέρφθην
990 2830 1041 2890 vel
1066 2827 1212 2909 ἔτάρπηνς
1235 2835 1331 2894 sexto
1355 2833 1431 2895 1000=

144 2934 302 2994 recenseri
336 2936 444 3009 potest
477 2934 556 2994 illud
590 2932 770 3011 νρᾶννήομεν,
804 2933 888 3005 quod
922 2947 978 3006 per
1013 2934 1212 2994 metathesin
1243 2932 1275 3010 (ξ
1305 2936 1359 3005 39)
1381 2949 1431 2994 οι·

144 3031 273 3110 ἕνάρννην
304 3035 434 3110 prodiit;
466 3036 627 3110 septimus
653 3034 790 3107 denique
810 3032 975 3093 addendus
994 3037 1084 3095 esset
1103 3035 1246 3094 aoristus
1267 3032 1431 3110 ἐτάηφθηι·

145 3137 269 3211 (1213,
294 3137 356 3197 251
382 3158 405 3212 φ
430 3138 471 3197 57
496 3137 512 3208 ζ
533 3137 597 3211 99),
630 3137 694 3196 uisi
717 3135 827 3211 spuria
852 3135 1014 3196 videretur
1037 3137 1117 3197 baec
1140 3136 1254 3198 forma.
1285 3134 1431 3196 Multum·

146 3236 288 3297 valuisse
311 3239 542 3298 necessitatem
571 3237 744 3298 metricam
768 3238 808 3298 ad
832 3251 935 3298 novas
958 3237 1080 3298 formas
1102 3239 1137 3297 in
1159 3237 1267 3298 lucem
1292 3250 1426 3298 evocan-

146 3338 215 3413 das,
239 3354 335 3399 nemo
357 3355 421 3399 non
444 3339 614 3414 intellegit.

190 3440 443 3501 Recensebimus
474 3441 542 3500 iam
566 3442 700 3502 cunctos
724 3440 862 3501 aoristos
886 3439 1054 3516 secundos,
1079 3440 1135 3514 qui
1169 3440 1203 3500 in
1226 3437 1431 3500 carminibus

147 3542 246 3616 epicis
270 3543 487 3617 reperiuntur:

191 3715 213 3798 g
236 3717 310 3783 149.
412 3721 450 3780 A.
477 3719 593 3781 Aerati
615 3721 742 3781 secundi
765 3735 838 3779 cum
860 3720 956 3780 vocali
977 3719 1150 3780 memorien.

474 3860 503 3929 1)
529 3859 646 3934 Stirpes
668 3859 704 3917 tn
725 3859 859 3919 coccam
884 3854 905 3928 ²)
928 3858 1105 3919 desinentes.

195 3988 222 4047 l.
247 3985 307 4056 (dc)
337 3979 483 4055 'didas'l
522 3986 624 4056 {233
656 3986 768 4045 &448
799 4008 818 4044 υ
844 3986 884 4047 72
916 3998 941 4062 ψ
968 3986 1041 4062 160,
1072 3981 1235 4045 calatrasi
1258 3986 1290 4041 Λ
1312 3979 1431 4049 83118

148 4107 171 4146 π
194 4089 269 4149 316.
294 4119 336 4128 -
361 4085 431 4146 Vid.
456 4084 476 4161 ξ
502 4087 576 4147 203.

183 4252 203 4321 ι)
220 4259 325 4306 Rectius
350 4259 458 4306 fortasse
484 4273 498 4306 s
524 4260 654 4307 nonnullis
678 4260 740 4308 viris
763 4260 846 4307 doctis
864 4259 940 4306 hodie
958 4259 1080 4305 statuitur
1096 4256 1220 4321 syndici
1237 4257 1324 4304 soristi
1341 4253 1431 4303 med]

148 4337 195 4383 hss
220 4350 277 4385 esse
301 4338 396 4385 lormss
413 4338 511 4386 ratione
533 4339 709 4386 vetustissims
726 4334 793 4402 (sine
812 4337 894 4385 vocali
912 4355 928 4382 a
945 4332 1035 4401 igitur)
1053 4337 1190 4386 formatas:
1211 4336 1315 4403 ὧρ-σ-το,
1331 4324 1421 4383 fes..

149 4434 223 4475 μινυς.
242 4416 297 4463 Vid.
315 4417 345 4465 d.
362 4413 461 4477 Meyer²
479 4418 493 4477 5
512 4419 569 4465 ⁶80.

183 4493 205 4559 ¹)
222 4497 323 4545 Voeslis
340 4501 386 4545 sut
402 4502 442 4546 est
461 4518 469 4546 r
487 4499 527 4547 vel
545 4517 559 4546 v
577 4502 622 4546 sut
639 4498 769 4547 intercidit
786 4497 964 4546 semivocalis:
984 4498 1048 4551 διν-ν,
1065 4490 1139 4559 φιν-ἔ.
1158 4490 1246 4561 χρώ.

184 4573 205 4635 ³]
223 4577 330 4638 Semper
349 4580 407 4640 post
424 4591 564 4626 caesuram.
