3120 5124
803 394 844 455 32
1397 396 1426 468 [s
1448 400 1467 459 e

199 588 283 647 sisse
309 590 329 655 ¹)
361 586 541 660 credamus,
572 585 681 645 obstat
704 563 934 657 argumentum
956 584 1126 645 invictum.
1150 585 1273 660 Nempe
1297 585 1327 644 si
1349 586 1468 659 quaeri·

200 704 275 749 mus
308 688 362 748 ubi
393 681 503 758 Ἰάονες
534 687 617 762 apud
646 687 826 746 Homerum
857 691 1163 762 commemorentur,
1194 702 1257 748 non
1281 688 1346 748 nisi
1370 703 1468 747 unum

199 791 307 850 locum
342 788 522 863 reperimus
560 803 699 861 eumque
738 787 848 862 procul
885 788 980 848 dubio
1019 803 1091 847 sero
1122 789 1293 865 insertum,
1325 790 1359 848 N
1388 790 1469 864 6853

198 892 264 952 illic
295 894 466 950 occurrunt
485 881 596 961 Ἰὲιονες
619 886 810 967 ἑλκεχίτωνες,
833 905 892 950 nec
916 890 992 949 alibi
1017 905 1156 963 usquam
1181 891 1213 949 in
1238 891 1337 951 Iliade
1364 891 1415 952 vel
1437 891 1469 951 in

199 993 354 1067 Odyssea.
374 992 491 1052 Lucide
511 994 622 1052 autem
642 992 879 1055 demonstravit
899 991 1015 1064 Helbig
1034 991 1130 1052 Hom.
1152 991 1235 1065 Epos
1255 1007 1285 1066 p.
1306 994 1369 1053 lib
1390 1008 1469 1068 squ„

199 1097 342 1156 alienum
377 1095 416 1155 ab
451 1094 506 1155 illo
540 1095 609 1155 loco
640 1109 712 1154 esse
744 1094 941 1154 adiectivum
972 1090 1168 1170 ἑλκεχίτωνες,
1201 1094 1411 1169 aptissimum
1439 1095 1470 1154 id

200 1213 272 1258 esse
307 1197 347 1257 ad
381 1195 598 1270 depingendus
632 1196 729 1270 viros,
766 1194 909 1255 seniores
942 1195 1145 1270 praesertim,
1178 1195 1233 1268 qui
1264 1195 1379 1255 feriato
1405 1195 1470 1256 otto

200 1299 349 1359 fruantur
371 1298 517 1358 laetasve
541 1298 602 1358 diis
626 1311 761 1371 pompas
784 1299 892 1371 agant,
911 1298 968 1357 sed
988 1297 1121 1357 ridicule
1141 1297 1292 1372 applicari
1312 1297 1471 1357 militibus

196 1400 252 1472 qui
283 1400 395 1460 hostes
417 1399 578 1458 irruentes
601 1397 755 1471 repellere
781 1400 945 1458 conentur.
971 1397 1109 1457 Multum
1133 1394 1231 1471 igitur
1253 1399 1346 1458 abest
1370 1400 1407 1457 ut
1430 1412 1470 1457 ex

197 1501 257 1562 hoc
280 1516 378 1561 versu
401 1499 484 1560 effici
504 1500 607 1574 possit
626 1500 722 1573 quale
741 1515 859 1561 nomen
879 1500 1027 1560 habuerit
1046 1514 1127 1572 gens
1149 1500 1258 1560 Ionica
1276 1500 1310 1560 in
1332 1500 1471 1560 vetustis

199 1603 396 1663 carminibus
429 1602 543 1676 epicis;
576 1602 661 1662 hunc
692 1605 779 1662 certe
803 1602 910 1662 locum
935 1601 1129 1662 recentiores
1151 1604 1265 1675 poetae
1288 1616 1352 1661 nou
1375 1601 1469 1661 tradi·

196 1707 268 1764 tum
292 1705 485 1779 acceperunt
508 1718 549 1762 ex
573 1704 658 1777 poesi
685 1703 925 1778 antiquissima,
949 1703 1051 1762 immo
1078 1702 1186 1776 ipsum
1213 1718 1332 1763 nomen
1354 1703 1468 1763 Ionum

198 1810 247 1876 (ut
280 1806 418 1866 Aeolum
453 1807 487 1864 et
523 1805 738 1873 Doriensium)
773 1805 813 1864 ab
844 1804 901 1864 illa
934 1804 1023 1879 poesi
1054 1804 1197 1864 alienum
1217 1805 1317 1864 fuisse
1342 1806 1470 1864 tautum

198 1923 262 1968 non
297 1910 423 1967 certum
456 1908 517 1966 est.
549 1905 719 1967 Undenam
744 1906 842 1978 igitur
871 1902 1052 1983 ἑλκεχίτωνες
1074 1906 1130 1965 isti
1148 1897 1259 1976 Ἰάονες
1278 1906 1311 1965 in
1334 1905 1469 1965 Iliadem

198 2024 273 2068 cum
309 2009 427 2068 tunicis
457 2009 527 2066 suis
558 2008 664 2066 solum
699 2007 901 2066 verrentibus
929 2007 1158 2081 intempestive
1181 2021 1217 2067 se
1240 2006 1470 2068 contulerunt?

198 2109 336 2170 indicari
371 2112 479 2183 potest
513 2110 604 2169 locus
636 2108 690 2168 ubi
722 2109 890 2182 aptissime
923 2109 1229 2184 commemorantur,
1260 2109 1334 2168 iude
1358 2110 1469 2168 autem

198 2213 419 2271 transsumtos
450 2226 522 2271 esse
554 2212 587 2270 in
619 2210 729 2271 Iliadis
761 2210 868 2270 locum
893 2226 990 2283 quem
1014 2207 1165 2285 vidimus,
1189 2210 1273 2270 haud
1297 2209 1381 2269 levis
1403 2223 1469 2283 pro

200 2312 283 2373 fecto
306 2315 357 2373 est
380 2313 537 2388 suspici0;
562 2327 679 2386 nempe
702 2313 854 2372 novimus
876 2328 1007 2373 versus:

459 2410 532 2471 ἀλλὰ
556 2411 593 2471 σὺ
617 2412 716 2496 Δήλῳ,
740 2413 842 2492 Φοῖβε,
864 2406 972 2490 μάλιστ’
1001 2409 1166 2489 ἐπιτέρπεαι
1189 2402 1267 2488 ἦτορ·

459 2511 535 2573 ἔνθα
557 2534 602 2572 τοι
625 2511 806 2592 ἑλκεχίτωνες
825 2508 936 2586 Ἰάονες
959 2511 1152 2594 ἠγερέθονται

460 2613 545 2674 αὐτοὶ
567 2614 624 2674 σὺν
647 2615 784 2675 παίδεσσι
806 2613 857 2675 καί
880 2610 1011 2699 αἰδοίῃσ’
1038 2613 1178 2694 ἀλόχοισι,

198 2734 343 2792 quaeque
363 2720 542 2790 sequuntur
563 2718 602 2777 de
621 2717 706 2777 ludis
726 2718 864 2778 Deliacis
876 2717 908 2787 ²).
930 2718 1019 2778 Haec
1031 2718 1085 2778 ubi
1098 2718 1275 2790 leguntur?
1287 2718 1324 2776 Iu
1338 2717 1469 2790 Hymno

199 2820 357 2895 Apollinis
392 2817 474 2878 Delii
509 2822 568 2889 (vs.
608 2819 669 2879 146
704 2824 795 2894 sqql,
834 2821 888 2893 qui
924 2820 1123 2894 compositus
1158 2821 1208 2879 est
1246 2819 1278 2878 in
1315 2820 1470 2879 honorem

199 2921 343 2981 numinis
373 2919 482 2979 Ionici.
508 2919 586 2995 Quis
610 2936 725 2982 versus
748 2921 850 2982 fecit?
872 2922 1001 2982 Ionicus
1024 2921 1166 2995 proiecto
1189 2922 1300 2994 poeta;
1322 2920 1392 2994 ipse
1416 2919 1470 2979 ille

198 3022 393 3096 Cynaethus,
430 3036 526 3093 quem
562 3021 692 3082 Fickius
726 3027 872 3084 carmina
905 3024 1079 3083 Homerica
1113 3038 1154 3083 ex
1188 3022 1329 3082 AeolIcIs
1359 3022 1470 3082 Ionica

197 3125 312 3184 iecisse
343 3123 503 3198 autumat,
535 3123 649 3196 hymni
677 3127 790 3184 auctor
813 3140 886 3184 esse
910 3124 1022 3185 fertur.
1047 3124 1110 3184 Gur
1133 3124 1232 3196 igitur
1254 3125 1350 3197 poeta
1374 3123 1471 3183 huius

197 3225 351 3284 carminis
379 3239 457 3284 suos
488 3225 576 3285 cives
608 3240 672 3285 nou
692 3222 798 3298 Ἰωνος
821 3226 1006 3301 appellavit,
1031 3227 1059 3285 si
1083 3227 1130 3285 ita
1154 3228 1264 3284 tamen
1289 3224 1473 3284 dicerentur

198 3326 340 3398 olimque
364 3326 440 3386 dicti
464 3328 584 3401 essent,
608 3327 665 3386 sed
686 3320 861 3398 ’Iolovm’li
892 3327 998 3387 Immo
1023 3327 1075 3386 hic
1097 3326 1188 3387 locus
1211 3326 1304 3386 docet
1328 3325 1472 3385 Ionicam

198 3429 330 3501 gentem
364 3427 535 3499 aliquando
570 3443 606 3488 se
640 3428 728 3502 ipsos
764 3444 896 3489 vocasse
928 3422 1043 3499 Ἰοίονος
1079 3430 1147 3498 (aut
1182 3428 1210 3486 si
1242 3426 1314 3499 quis
1346 3425 1474 3485 mavult

196 3522 333 3605 Ἰήονος),
357 3531 470 3604 postea
494 3529 626 3589 demum
644 3525 751 3600 Ἴωνος
774 3545 846 3590 esse
871 3529 1058 3604 appellatos.

235 3784 255 3851 ¹)
274 3788 341 3842 „Der
367 3787 471 3847 eptsche
488 3800 563 3833 name
581 3787 626 3833 der
643 3787 728 3834 Ionier
747 3788 829 3835 solbet
847 3788 908 3835 liess
926 3789 981 3835 sich
1000 3788 1070 3835 nicht
1087 3789 1216 3847 lonleiren,
1236 3788 1291 3834 weil
1309 3787 1356 3834 das
1373 3786 1473 3833 altioll-

201 3868 278 3923 „sche
293 3867 378 3919 Ἰάονες
395 3866 441 3912 der
457 3867 589 3912 iontschen
607 3867 767 3913 numentorm
779 3868 860 3921 Ἴωνες
877 3868 1000 3914 metr-isch
1018 3869 1089 3914 uioht
1114 3868 1281 3928 entspriohl.''
1299 3866 1362 3912 meh
1382 3866 1474 3925 Odyss.

203 3961 228 4006 p.
248 3949 286 3994 17.

233 4023 254 4090 ²)
273 4026 310 4072 ci.
332 4026 385 4072 deii
403 4038 493 4072 versus
509 4025 594 4071 mutili
612 4025 680 4085 apud
699 4025 858 4073 Athenaeum
876 4024 925 4071 XII
942 4040 968 4085 p.
987 4024 1059 4089 5251‘
1072 4026 1151 4079 allati,
1167 4026 1192 4071 in
1208 4024 1303 4083 quibus
1320 4013 1476 4071 describitur

202 4106 283 4152 festus
300 4106 326 4150 iu
344 4105 466 4151 honorem
485 4105 591 4151 Iunonis
609 4105 677 4151 Sami
695 4105 728 4150 ab
745 4105 852 4152 Ionlbus
870 4105 1023 4151 celebratus.

233 4181 254 4248 ³)
272 4184 347 4230 Redit
372 4197 464 4231 nomen
486 4183 719 4243 Ἰάονκς11.Δρολλ.
738 4197 774 4230 vs.
795 4187 850 4231 152.
869 4185 910 4230 Sic
931 4185 1007 4230 etiam
1026 4184 1103 4231 Solon
1122 4185 1147 4230 in
1167 4184 1310 4243 fragmento
1328 4196 1413 4242 nuper
1432 4183 1475 4230 de·

201 4267 269 4310 tecto
287 4264 400 4319 (Aristot.
419 4264 510 4310 Athen.
530 4263 604 4309 olvit.
623 4276 645 4309 c.
665 4260 705 4326 b):

599 4346 761 4405 πρεσβυτάτην
778 4347 864 4406 ίσορῶν
882 4351 949 4401 γαῖαν
965 4345 1076 4397 Ἰτωνίας.

202 4422 289 4480 Neque
306 4422 389 4469 aliena
407 4424 466 4469 htuc
484 4421 602 4468 videntur
618 4422 805 4481 Aristophanes
823 4423 868 4468 illa
884 4424 982 4469 Ἰιῑονοῡ
997 4424 1107 4469 Acheru.
1121 4435 1158 4469 vs.
1176 4416 1338 4477 104,Ἰᾱόνοι,·
1355 4434 1393 4468 vs.
1413 4422 1475 4479 1⁰73

202 4501 270 4547 unde
287 4503 354 4548 enim
373 4503 459 4548 Persis
476 4500 540 4547 haee
558 4502 668 4547 nominis
687 4502 768 4547 forma
786 4503 835 4547 uici
854 4515 886 4548 ex
904 4503 987 4561 ipsius
1004 4503 1089 4561 gentle
1107 4502 1169 4548 ore?
