<?xml version="1.0" encoding="UTF-8"?>
<!DOCTYPE html PUBLIC "-//W3C//DTD XHTML 1.0 Transitional//EN"
    "http://www.w3.org/TR/xhtml1/DTD/xhtml1-transitional.dtd">
<html xmlns="http://www.w3.org/1999/xhtml" xml:lang="en" lang="en">
 <head>
  <title>
</title>
<meta http-equiv="Content-Type" content="text/html;charset=utf-8" />
  <meta name='ocr-system' content='tesseract 3.04.00' />
  <meta name='ocr-capabilities' content='ocr_page ocr_carea ocr_par ocr_line ocrx_word'/>
</head>
<body>
  <div class='ocr_page' id='page_1' title='image "./enchiridiumdict00leeugoog/enchiridiumdict00leeugoog_0636.png"; bbox 0 0 3082 5100; ppageno 0'>
   <div class='ocr_carea' id='block_1_1' title="bbox 805 381 1476 464">
    <p class='ocr_par' dir='ltr' id='par_1_1' title="bbox 805 381 1476 464">
     <span class='ocr_line' id='line_1_1' title="bbox 805 381 1476 464; baseline -0.009 -14"><span class='ocrx_word' id='word_1_1' title='bbox 805 391 869 450; x_wconf 80' lang='lat' dir='ltr'>sas</span> <span class='ocrx_word' id='word_1_2' title='bbox 1360 381 1392 464; x_wconf 71' lang='lat' dir='ltr'>[e</span> <span class='ocrx_word' id='word_1_3' title='bbox 1415 386 1476 445; x_wconf 79' lang='lat' dir='ltr'>ms</span> 
     </span>
    </p>
   </div>
   <div class='ocr_carea' id='block_1_2' title="bbox 203 575 1479 859">
    <p class='ocr_par' dir='ltr' id='par_1_2' title="bbox 203 575 1479 859">
     <span class='ocr_line' id='line_1_2' title="bbox 204 575 1477 655; baseline -0.007 -17"><span class='ocrx_word' id='word_1_4' title='bbox 204 603 223 638; x_wconf 82' lang='grc' dir='ltr'>α</span> <span class='ocrx_word' id='word_1_5' title='bbox 254 580 528 655; x_wconf 80' lang='lat' dir='ltr'>praepositionum</span> <span class='ocrx_word' id='word_1_6' title='bbox 559 575 617 637; x_wconf 77' lang='grc' dir='ltr'>ἀνά</span> <span class='ocrx_word' id='word_1_7' title='bbox 647 576 721 638; x_wconf 81' lang='grc' dir='ltr'><strong><em>κατά</em></strong></span> <span class='ocrx_word' id='word_1_8' title='bbox 753 577 844 655; x_wconf 72' lang='grc' dir='ltr'><strong><em>παρά,</em></strong></span> <span class='ocrx_word' id='word_1_9' title='bbox 874 577 1036 637; x_wconf 89' lang='lat' dir='ltr'>interdum</span> <span class='ocrx_word' id='word_1_10' title='bbox 1063 576 1163 635; x_wconf 91' lang='lat' dir='ltr'>etiam</span> <span class='ocrx_word' id='word_1_11' title='bbox 1187 588 1287 634; x_wconf 90' lang='lat' dir='ltr'>sonus</span> <span class='ocrx_word' id='word_1_12' title='bbox 1310 593 1326 631; x_wconf 92' lang='grc'>6</span> <span class='ocrx_word' id='word_1_13' title='bbox 1350 585 1477 645; x_wconf 89' lang='lat' dir='ltr'>praepo·</span> 
     </span>
     <span class='ocr_line' id='line_1_3' title="bbox 203 672 1479 756; baseline -0.007 -16"><span class='ocrx_word' id='word_1_14' title='bbox 203 683 359 742; x_wconf 84' lang='lat' dir='ltr'>sit-ionum</span> <span class='ocrx_word' id='word_1_15' title='bbox 387 679 447 741; x_wconf 75' lang='grc' dir='ltr'>ὑπό</span> <span class='ocrx_word' id='word_1_16' title='bbox 471 683 505 742; x_wconf 90' lang='grc'>61</span> <span class='ocrx_word' id='word_1_17' title='bbox 534 678 593 741; x_wconf 80' lang='grc' dir='ltr'>ἀπό</span> <span class='ocrx_word' id='word_1_18' title='bbox 619 682 727 756; x_wconf 88' lang='lat' dir='ltr'>potest</span> <span class='ocrx_word' id='word_1_19' title='bbox 750 679 868 755; x_wconf 85' lang='lat' dir='ltr'>omitti,</span> <span class='ocrx_word' id='word_1_20' title='bbox 895 694 958 752; x_wconf 93' lang='lat' dir='ltr'>qua</span> <span class='ocrx_word' id='word_1_21' title='bbox 981 678 1020 738; x_wconf 90' lang='grc'>116</span> <span class='ocrx_word' id='word_1_22' title='bbox 1043 693 1077 737; x_wconf 88' lang='grc'>16</span> <span class='ocrx_word' id='word_1_23' title='bbox 1101 676 1164 737; x_wconf 88' lang='lat' dir='ltr'>vid.</span> <span class='ocrx_word' id='word_1_24' title='bbox 1188 676 1207 745; x_wconf 67' lang='grc' dir='ltr'><strong>ἓ</strong></span> <span class='ocrx_word' id='word_1_25' title='bbox 1234 676 1290 748; x_wconf 91' lang='grc'>10;</span> <span class='ocrx_word' id='word_1_26' title='bbox 1316 673 1374 733; x_wconf 86' lang='grc'>6611</span> <span class='ocrx_word' id='word_1_27' title='bbox 1398 672 1479 732; x_wconf 88' lang='lat' dir='ltr'>alias</span> 
     </span>
     <span class='ocr_line' id='line_1_4' title="bbox 204 785 748 859; baseline -0.004 -15"><span class='ocrx_word' id='word_1_28' title='bbox 204 785 326 844; x_wconf 81' lang='lat' dir='ltr'>formae</span> <span class='ocrx_word' id='word_1_29' title='bbox 351 785 527 845; x_wconf 84' lang='lat' dir='ltr'>varietates</span> <span class='ocrx_word' id='word_1_30' title='bbox 551 786 748 859; x_wconf 76' lang='lat' dir='ltr'>spectamus.</span> 
     </span>
    </p>
   </div>
   <div class='ocr_carea' id='block_1_3' title="bbox 249 983 1479 1164">
    <p class='ocr_par' dir='ltr' id='par_1_3' title="bbox 249 983 1479 1164">
     <span class='ocr_line' id='line_1_5' title="bbox 251 983 601 1066; baseline 0 -20"><span class='ocrx_word' id='word_1_31' title='bbox 251 989 279 1047; x_wconf 95' lang='grc'>1.</span> <span class='ocrx_word' id='word_1_32' title='bbox 303 983 398 1066; x_wconf 63' lang='lat' dir='ltr'>apori,</span> <span class='ocrx_word' id='word_1_33' title='bbox 419 985 503 1064; x_wconf 77' lang='grc' dir='ltr'><strong><em>πρός,</em></strong></span> <span class='ocrx_word' id='word_1_34' title='bbox 525 984 601 1046; x_wconf 75' lang='lat' dir='ltr'>uoti.</span> 
     </span>
     <span class='ocr_line' id='line_1_6' title="bbox 249 1084 1479 1164; baseline -0.007 -15"><span class='ocrx_word' id='word_1_35' title='bbox 249 1089 350 1164; x_wconf 86' lang='lat' dir='ltr'>Quam</span> <span class='ocrx_word' id='word_1_36' title='bbox 387 1089 511 1149; x_wconf 89' lang='lat' dir='ltr'>sincere</span> <span class='ocrx_word' id='word_1_37' title='bbox 545 1090 713 1163; x_wconf 85' lang='lat' dir='ltr'>poetarum</span> <span class='ocrx_word' id='word_1_38' title='bbox 750 1088 848 1149; x_wconf 83' lang='lat' dir='ltr'>verba</span> <span class='ocrx_word' id='word_1_39' title='bbox 878 1087 1058 1149; x_wconf 86' lang='lat' dir='ltr'>servaverit</span> <span class='ocrx_word' id='word_1_40' title='bbox 1088 1087 1200 1145; x_wconf 84' lang='lat' dir='ltr'>textus</span> <span class='ocrx_word' id='word_1_41' title='bbox 1230 1084 1383 1158; x_wconf 82' lang='lat' dir='ltr'>traditus,</span> <span class='ocrx_word' id='word_1_42' title='bbox 1414 1097 1479 1142; x_wconf 93' lang='lat' dir='ltr'>non</span> 
     </span>
    </p>
   </div>
   <div class='ocr_carea' id='block_1_4' title="bbox 199 1184 1479 3901">
    <p class='ocr_par' dir='ltr' id='par_1_4' title="bbox 201 1184 1479 2386">
     <span class='ocr_line' id='line_1_7' title="bbox 202 1184 1478 1265; baseline -0.006 -14"><span class='ocrx_word' id='word_1_43' title='bbox 202 1206 377 1265; x_wconf 90' lang='lat' dir='ltr'>possumus</span> <span class='ocrx_word' id='word_1_44' title='bbox 400 1206 463 1250; x_wconf 93' lang='lat' dir='ltr'>non</span> <span class='ocrx_word' id='word_1_45' title='bbox 488 1205 611 1265; x_wconf 87' lang='lat' dir='ltr'>rogare,</span> <span class='ocrx_word' id='word_1_46' title='bbox 636 1192 713 1251; x_wconf 94' lang='lat' dir='ltr'>dum</span> <span class='ocrx_word' id='word_1_47' title='bbox 734 1190 830 1249; x_wconf 90' lang='lat' dir='ltr'>huius</span> <span class='ocrx_word' id='word_1_48' title='bbox 849 1188 1095 1264; x_wconf 81' lang='lat' dir='ltr'>praepositionis</span> <span class='ocrx_word' id='word_1_49' title='bbox 1114 1187 1359 1247; x_wconf 81' lang='lat' dir='ltr'>consideramus</span> <span class='ocrx_word' id='word_1_50' title='bbox 1379 1184 1478 1244; x_wconf 85' lang='lat' dir='ltr'>varie·</span> 
     </span>
     <span class='ocr_line' id='line_1_8' title="bbox 203 1282 1479 1366; baseline -0.007 -14"><span class='ocrx_word' id='word_1_51' title='bbox 203 1295 316 1353; x_wconf 88' lang='lat' dir='ltr'>tatem.</span> <span class='ocrx_word' id='word_1_52' title='bbox 349 1293 443 1352; x_wconf 88' lang='lat' dir='ltr'>Ratio</span> <span class='ocrx_word' id='word_1_53' title='bbox 475 1293 563 1353; x_wconf 90' lang='lat' dir='ltr'>enim</span> <span class='ocrx_word' id='word_1_54' title='bbox 594 1293 657 1352; x_wconf 85' lang='lat' dir='ltr'>fert</span> <span class='ocrx_word' id='word_1_55' title='bbox 687 1293 724 1352; x_wconf 91' lang='lat' dir='ltr'>ut</span> <span class='ocrx_word' id='word_1_56' title='bbox 747 1291 950 1366; x_wconf 89' lang='lat' dir='ltr'>suspicemur</span> <span class='ocrx_word' id='word_1_57' title='bbox 971 1289 1137 1350; x_wconf 88' lang='lat' dir='ltr'>insolitam</span> <span class='ocrx_word' id='word_1_58' title='bbox 1161 1288 1301 1348; x_wconf 88' lang='lat' dir='ltr'>formam</span> <span class='ocrx_word' id='word_1_59' title='bbox 1324 1282 1479 1365; x_wconf 65' lang='grc'>16616116</span> 
     </span>
     <span class='ocr_line' id='line_1_9' title="bbox 203 1388 1478 1471; baseline -0.008 -16"><span class='ocrx_word' id='word_1_60' title='bbox 203 1394 328 1468; x_wconf 84' lang='lat' dir='ltr'>vulgari</span> <span class='ocrx_word' id='word_1_61' title='bbox 351 1395 456 1454; x_wconf 85' lang='lat' dir='ltr'>forma</span> <span class='ocrx_word' id='word_1_62' title='bbox 477 1392 551 1471; x_wconf 75' lang='grc' dir='ltr'><strong><em>πρός</em></strong></span> <span class='ocrx_word' id='word_1_63' title='bbox 576 1394 627 1455; x_wconf 89' lang='lat' dir='ltr'>hic</span> <span class='ocrx_word' id='word_1_64' title='bbox 650 1393 726 1469; x_wconf 87' lang='lat' dir='ltr'>illic,</span> <span class='ocrx_word' id='word_1_65' title='bbox 751 1393 889 1453; x_wconf 83' lang='lat' dir='ltr'>sortasse</span> <span class='ocrx_word' id='word_1_66' title='bbox 912 1392 1046 1467; x_wconf 88' lang='lat' dir='ltr'>passim,</span> <span class='ocrx_word' id='word_1_67' title='bbox 1067 1391 1137 1451; x_wconf 89' lang='grc'>1666</span> <span class='ocrx_word' id='word_1_68' title='bbox 1163 1404 1224 1449; x_wconf 84' lang='grc'>666</span> <span class='ocrx_word' id='word_1_69' title='bbox 1242 1388 1373 1463; x_wconf 92' lang='lat' dir='ltr'>pulsam</span> <span class='ocrx_word' id='word_1_70' title='bbox 1395 1401 1478 1447; x_wconf 86' lang='lat' dir='ltr'>esse.</span> 
     </span>
     <span class='ocr_line' id='line_1_10' title="bbox 203 1489 1479 1571; baseline -0.005 -17"><span class='ocrx_word' id='word_1_71' title='bbox 203 1496 273 1556; x_wconf 88' lang='lat' dir='ltr'>Vid.</span> <span class='ocrx_word' id='word_1_72' title='bbox 297 1511 325 1556; x_wconf 93' lang='lat' dir='ltr'>e.</span> <span class='ocrx_word' id='word_1_73' title='bbox 350 1511 379 1570; x_wconf 87' lang='lat' dir='ltr'>g.</span> <span class='ocrx_word' id='word_1_74' title='bbox 404 1496 534 1555; x_wconf 89' lang='lat' dir='ltr'>initium</span> <span class='ocrx_word' id='word_1_75' title='bbox 559 1511 673 1556; x_wconf 84' lang='lat' dir='ltr'>versus</span> <span class='ocrx_word' id='word_1_76' title='bbox 697 1497 725 1552; x_wconf 83' lang='lat' dir='ltr'><em>E</em></span> <span class='ocrx_word' id='word_1_77' title='bbox 749 1497 812 1556; x_wconf 98' lang='grc'>605</span> <span class='ocrx_word' id='word_1_78' title='bbox 837 1491 1006 1571; x_wconf 76' lang='grc' dir='ltr'>ἀλλὰπρὸς</span> <span class='ocrx_word' id='word_1_79' title='bbox 1031 1495 1145 1570; x_wconf 80' lang='grc' dir='ltr'><em>Τρῶας,</em></span> <span class='ocrx_word' id='word_1_80' title='bbox 1167 1492 1223 1566; x_wconf 92' lang='lat' dir='ltr'>qui</span> <span class='ocrx_word' id='word_1_81' title='bbox 1246 1490 1376 1550; x_wconf 90' lang='lat' dir='ltr'>numeri</span> <span class='ocrx_word' id='word_1_82' title='bbox 1396 1489 1479 1548; x_wconf 90' lang='lat' dir='ltr'>mire</span> 
     </span>
     <span class='ocr_line' id='line_1_11' title="bbox 202 1586 1479 1673; baseline -0.009 -15"><span class='ocrx_word' id='word_1_83' title='bbox 202 1598 367 1673; x_wconf 80' lang='lat' dir='ltr'>languent,</span> <span class='ocrx_word' id='word_1_84' title='bbox 402 1598 449 1657; x_wconf 86' lang='lat' dir='ltr'>ita</span> <span class='ocrx_word' id='word_1_85' title='bbox 479 1600 516 1657; x_wconf 96' lang='lat' dir='ltr'>ut</span> <span class='ocrx_word' id='word_1_86' title='bbox 546 1598 615 1658; x_wconf 87' lang='lat' dir='ltr'>veri</span> <span class='ocrx_word' id='word_1_87' title='bbox 645 1598 794 1658; x_wconf 87' lang='lat' dir='ltr'>videatur</span> <span class='ocrx_word' id='word_1_88' title='bbox 824 1596 1030 1657; x_wconf 89' lang='lat' dir='ltr'>simillimum</span> <span class='ocrx_word' id='word_1_89' title='bbox 1063 1595 1141 1655; x_wconf 90' lang='lat' dir='ltr'>olim</span> <span class='ocrx_word' id='word_1_90' title='bbox 1172 1594 1273 1654; x_wconf 81' lang='lat' dir='ltr'>trisse</span> <span class='ocrx_word' id='word_1_91' title='bbox 1305 1588 1380 1650; x_wconf 74' lang='grc' dir='ltr'>ἀλλὰ</span> <span class='ocrx_word' id='word_1_92' title='bbox 1411 1586 1479 1648; x_wconf 70' lang='lat' dir='ltr'>nott</span> 
     </span>
     <span class='ocr_line' id='line_1_12' title="bbox 205 1691 1478 1777; baseline -0.006 -19"><span class='ocrx_word' id='word_1_93' title='bbox 205 1702 307 1777; x_wconf 81' lang='grc' dir='ltr'><strong><em>Τρῶας</em></strong></span> <span class='ocrx_word' id='word_1_94' title='bbox 328 1695 362 1775; x_wconf 90' lang='grc'>1).</span> <span class='ocrx_word' id='word_1_95' title='bbox 401 1699 511 1772; x_wconf 84' lang='lat' dir='ltr'>Neque</span> <span class='ocrx_word' id='word_1_96' title='bbox 541 1699 612 1759; x_wconf 88' lang='lat' dir='ltr'>sine</span> <span class='ocrx_word' id='word_1_97' title='bbox 646 1713 745 1758; x_wconf 87' lang='lat' dir='ltr'>causa</span> <span class='ocrx_word' id='word_1_98' title='bbox 776 1698 900 1758; x_wconf 88' lang='lat' dir='ltr'>Usener</span> <span class='ocrx_word' id='word_1_99' title='bbox 934 1696 1135 1757; x_wconf 89' lang='lat' dir='ltr'>addubitavit</span> <span class='ocrx_word' id='word_1_100' title='bbox 1168 1694 1350 1755; x_wconf 83' lang='lat' dir='ltr'>clausulam</span> <span class='ocrx_word' id='word_1_101' title='bbox 1386 1691 1478 1752; x_wconf 93' lang='lat' dir='ltr'>illam</span> 
     </span>
     <span class='ocr_line' id='line_1_13' title="bbox 201 1795 1478 1878; baseline -0.004 -20"><span class='ocrx_word' id='word_1_102' title='bbox 201 1797 296 1858; x_wconf 68' lang='grc'>511116</span> <span class='ocrx_word' id='word_1_103' title='bbox 326 1797 483 1877; x_wconf 63' lang='lat' dir='ltr'>stapleveld</span> <span class='ocrx_word' id='word_1_104' title='bbox 511 1799 679 1878; x_wconf 75' lang='grc' dir='ltr'><em>προσηύδα,</em></span> <span class='ocrx_word' id='word_1_105' title='bbox 709 1802 840 1874; x_wconf 89' lang='lat' dir='ltr'>poetam</span> <span class='ocrx_word' id='word_1_106' title='bbox 870 1800 908 1859; x_wconf 90' lang='lat' dir='ltr'>ut</span> <span class='ocrx_word' id='word_1_107' title='bbox 934 1798 1078 1872; x_wconf 87' lang='lat' dir='ltr'>syllabae</span> <span class='ocrx_word' id='word_1_108' title='bbox 1102 1796 1324 1858; x_wconf 88' lang='lat' dir='ltr'>antecedentis</span> <span class='ocrx_word' id='word_1_109' title='bbox 1347 1795 1478 1869; x_wconf 90' lang='lat' dir='ltr'>produc·</span> 
     </span>
     <span class='ocr_line' id='line_1_14' title="bbox 202 1896 1478 1978; baseline -0.006 -16"><span class='ocrx_word' id='word_1_110' title='bbox 202 1903 325 1962; x_wconf 91' lang='lat' dir='ltr'>tionem</span> <span class='ocrx_word' id='word_1_111' title='bbox 349 1903 467 1962; x_wconf 89' lang='lat' dir='ltr'>vitaret</span> <span class='ocrx_word' id='word_1_112' title='bbox 490 1900 626 1978; x_wconf 76' lang='grc' dir='ltr'><strong><em>ποτηύδα</em></strong></span> <span class='ocrx_word' id='word_1_113' title='bbox 649 1901 771 1961; x_wconf 82' lang='lat' dir='ltr'>dixisse</span> <span class='ocrx_word' id='word_1_114' title='bbox 795 1901 989 1974; x_wconf 87' lang='lat' dir='ltr'>suspicatus.</span> <span class='ocrx_word' id='word_1_115' title='bbox 1010 1896 1034 1976; x_wconf 86' lang='lat'>²)</span> <span class='ocrx_word' id='word_1_116' title='bbox 1056 1899 1139 1959; x_wconf 87' lang='lat' dir='ltr'>Nam</span> <span class='ocrx_word' id='word_1_117' title='bbox 1163 1898 1247 1972; x_wconf 92' lang='lat' dir='ltr'>quod</span> <span class='ocrx_word' id='word_1_118' title='bbox 1268 1896 1387 1957; x_wconf 88' lang='lat' dir='ltr'>elisum</span> <span class='ocrx_word' id='word_1_119' title='bbox 1408 1916 1478 1954; x_wconf 77' lang='grc' dir='ltr'><strong>ποτ-</strong></span> 
     </span>
     <span class='ocr_line' id='line_1_15' title="bbox 203 1998 1478 2078; baseline -0.005 -16"><span class='ocrx_word' id='word_1_120' title='bbox 203 2004 235 2063; x_wconf 94' lang='lat' dir='ltr'>in</span> <span class='ocrx_word' id='word_1_121' title='bbox 259 2004 423 2078; x_wconf 87' lang='lat' dir='ltr'>mscriptis</span> <span class='ocrx_word' id='word_1_122' title='bbox 443 2003 625 2062; x_wconf 87' lang='lat' dir='ltr'>Homericis</span> <span class='ocrx_word' id='word_1_123' title='bbox 645 2017 709 2062; x_wconf 95' lang='lat' dir='ltr'>non</span> <span class='ocrx_word' id='word_1_124' title='bbox 729 2003 830 2077; x_wconf 83' lang='lat' dir='ltr'>extat,</span> <span class='ocrx_word' id='word_1_125' title='bbox 852 2002 926 2062; x_wconf 88' lang='lat' dir='ltr'>huic</span> <span class='ocrx_word' id='word_1_126' title='bbox 946 2002 1137 2075; x_wconf 87' lang='lat' dir='ltr'>argumento</span> <span class='ocrx_word' id='word_1_127' title='bbox 1156 2015 1220 2059; x_wconf 94' lang='lat' dir='ltr'>non</span> <span class='ocrx_word' id='word_1_128' title='bbox 1240 1998 1384 2058; x_wconf 88' lang='lat' dir='ltr'>multum</span> <span class='ocrx_word' id='word_1_129' title='bbox 1405 2012 1478 2057; x_wconf 88' lang='lat' dir='ltr'>esse</span> 
     </span>
     <span class='ocr_line' id='line_1_16' title="bbox 203 2099 1478 2180; baseline -0.003 -17"><span class='ocrx_word' id='word_1_130' title='bbox 203 2105 410 2165; x_wconf 85' lang='lat' dir='ltr'>tribuendum</span> <span class='ocrx_word' id='word_1_131' title='bbox 438 2104 545 2178; x_wconf 89' lang='lat' dir='ltr'>quivis</span> <span class='ocrx_word' id='word_1_132' title='bbox 569 2103 667 2180; x_wconf 88' lang='lat' dir='ltr'>videt,</span> <span class='ocrx_word' id='word_1_133' title='bbox 698 2119 773 2163; x_wconf 92' lang='lat' dir='ltr'>cum</span> <span class='ocrx_word' id='word_1_134' title='bbox 800 2104 927 2164; x_wconf 88' lang='lat' dir='ltr'>constet</span> <span class='ocrx_word' id='word_1_135' title='bbox 949 2103 982 2162; x_wconf 93' lang='lat' dir='ltr'>in</span> <span class='ocrx_word' id='word_1_136' title='bbox 1002 2102 1116 2163; x_wconf 89' lang='lat' dir='ltr'>Dorica</span> <span class='ocrx_word' id='word_1_137' title='bbox 1139 2101 1258 2161; x_wconf 86' lang='lat' dir='ltr'>saltem</span> <span class='ocrx_word' id='word_1_138' title='bbox 1282 2099 1478 2172; x_wconf 87' lang='lat' dir='ltr'>Aeolicaqus</span> 
     </span>
     <span class='ocr_line' id='line_1_17' title="bbox 202 2193 1475 2282; baseline -0.005 -16"><span class='ocrx_word' id='word_1_139' title='bbox 202 2207 291 2281; x_wconf 90' lang='lat' dir='ltr'>poesi</span> <span class='ocrx_word' id='word_1_140' title='bbox 320 2206 590 2282; x_wconf 88' lang='lat' dir='ltr'>praepositionem</span> <span class='ocrx_word' id='word_1_141' title='bbox 620 2204 690 2264; x_wconf 74' lang='grc' dir='ltr'><strong><em>ποτί</em></strong></span> <span class='ocrx_word' id='word_1_142' title='bbox 719 2205 852 2266; x_wconf 87' lang='grc'>61161666</span> <span class='ocrx_word' id='word_1_143' title='bbox 883 2203 987 2264; x_wconf 92' lang='lat' dir='ltr'>minui</span> <span class='ocrx_word' id='word_1_144' title='bbox 1016 2204 1177 2279; x_wconf 90' lang='lat' dir='ltr'>potuisse;</span> <span class='ocrx_word' id='word_1_145' title='bbox 1211 2202 1274 2262; x_wconf 90' lang='lat' dir='ltr'>vid.</span> <span class='ocrx_word' id='word_1_146' title='bbox 1303 2216 1331 2261; x_wconf 90' lang='grc'>6.</span> <span class='ocrx_word' id='word_1_147' title='bbox 1356 2216 1387 2275; x_wconf 87' lang='lat' dir='ltr'>g.</span> <span class='ocrx_word' id='word_1_148' title='bbox 1412 2193 1475 2259; x_wconf 76' lang='grc' dir='ltr'>ποτ’</span> 
     </span>
     <span class='ocr_line' id='line_1_18' title="bbox 202 2304 1244 2386; baseline -0.003 -20"><span class='ocrx_word' id='word_1_149' title='bbox 202 2307 494 2386; x_wconf 80' lang='grc'>7116661111131,</span> <span class='ocrx_word' id='word_1_150' title='bbox 521 2308 582 2366; x_wconf 90' lang='grc'>147</span> <span class='ocrx_word' id='word_1_151' title='bbox 607 2307 635 2364; x_wconf 92' lang='lat' dir='ltr'>V</span> <span class='ocrx_word' id='word_1_152' title='bbox 660 2309 713 2381; x_wconf 84' lang='lat'>23,</span> <span class='ocrx_word' id='word_1_153' title='bbox 739 2306 885 2366; x_wconf 79' lang='grc'>103711</span> <span class='ocrx_word' id='word_1_154' title='bbox 910 2309 949 2365; x_wconf 85' lang='lat'>41</span> <span class='ocrx_word' id='word_1_155' title='bbox 975 2304 1168 2365; x_wconf 76' lang='grc'>11142117</span> <span class='ocrx_word' id='word_1_156' title='bbox 1194 2305 1244 2364; x_wconf 93' lang='grc'>10.</span> 
     </span>
    </p>

    <p class='ocr_par' dir='ltr' id='par_1_5' title="bbox 202 2404 1474 2690">
     <span class='ocr_line' id='line_1_19' title="bbox 246 2404 1473 2487; baseline -0.003 -18"><span class='ocrx_word' id='word_1_157' title='bbox 246 2409 379 2469; x_wconf 87' lang='lat' dir='ltr'>Accedit</span> <span class='ocrx_word' id='word_1_158' title='bbox 401 2409 484 2482; x_wconf 88' lang='lat' dir='ltr'>quod</span> <span class='ocrx_word' id='word_1_159' title='bbox 507 2409 593 2469; x_wconf 89' lang='lat' dir='ltr'>inter</span> <span class='ocrx_word' id='word_1_160' title='bbox 614 2408 702 2487; x_wconf 75' lang='grc' dir='ltr'><strong><em>προτί</em></strong></span> <span class='ocrx_word' id='word_1_161' title='bbox 723 2406 848 2469; x_wconf 71' lang='grc'>6111611</span> <span class='ocrx_word' id='word_1_162' title='bbox 867 2409 938 2482; x_wconf 92' lang='lat' dir='ltr'>ipsa</span> <span class='ocrx_word' id='word_1_163' title='bbox 959 2407 1181 2481; x_wconf 88' lang='lat' dir='ltr'>manuscripta</span> <span class='ocrx_word' id='word_1_164' title='bbox 1203 2405 1332 2466; x_wconf 86' lang='lat' dir='ltr'>variant</span> <span class='ocrx_word' id='word_1_165' title='bbox 1355 2406 1385 2463; x_wconf 84' lang='lat' dir='ltr'><em>K</em></span> <span class='ocrx_word' id='word_1_166' title='bbox 1411 2404 1473 2465; x_wconf 90' lang='lat'>108</span> 
     </span>
     <span class='ocr_line' id='line_1_20' title="bbox 202 2504 1474 2587; baseline -0.002 -19"><span class='ocrx_word' id='word_1_167' title='bbox 202 2512 242 2568; x_wconf 90' lang='lat' dir='ltr'><strong><em>M</em></strong></span> <span class='ocrx_word' id='word_1_168' title='bbox 263 2512 325 2570; x_wconf 85' lang='grc'>273</span> <span class='ocrx_word' id='word_1_169' title='bbox 362 2511 390 2567; x_wconf 81' lang='grc' dir='ltr'><em>Τ</em></span> <span class='ocrx_word' id='word_1_170' title='bbox 409 2511 474 2570; x_wconf 89' lang='grc'>420</span> <span class='ocrx_word' id='word_1_171' title='bbox 505 2511 601 2587; x_wconf 70' lang='lat' dir='ltr'>obli,</span> <span class='ocrx_word' id='word_1_172' title='bbox 635 2511 697 2571; x_wconf 88' lang='grc'>255</span> <span class='ocrx_word' id='word_1_173' title='bbox 730 2507 811 2587; x_wconf 69' lang='lat' dir='ltr'>(eorl</span> <span class='ocrx_word' id='word_1_174' title='bbox 839 2511 944 2570; x_wconf 92' lang='lat' dir='ltr'>metro</span> <span class='ocrx_word' id='word_1_175' title='bbox 971 2505 1085 2585; x_wconf 80' lang='lat' dir='ltr'>invito)</span> <span class='ocrx_word' id='word_1_176' title='bbox 1109 2530 1132 2568; x_wconf 88' lang='grc' dir='ltr'><strong><em>ω</em></strong></span> <span class='ocrx_word' id='word_1_177' title='bbox 1157 2510 1220 2569; x_wconf 86' lang='grc'>347</span> <span class='ocrx_word' id='word_1_178' title='bbox 1245 2504 1347 2585; x_wconf 80' lang='grc' dir='ltr'><strong>(προτί</strong></span> <span class='ocrx_word' id='word_1_179' title='bbox 1368 2509 1474 2567; x_wconf 88' lang='grc'>1116116</span> 
     </span>
     <span class='ocr_line' id='line_1_21' title="bbox 202 2609 635 2690; baseline 0.002 -20"><span class='ocrx_word' id='word_1_180' title='bbox 202 2609 315 2690; x_wconf 85' lang='lat' dir='ltr'>invito)</span> <span class='ocrx_word' id='word_1_181' title='bbox 340 2611 479 2685; x_wconf 89' lang='lat' dir='ltr'>alibique</span> <span class='ocrx_word' id='word_1_182' title='bbox 502 2612 635 2686; x_wconf 91' lang='lat' dir='ltr'>passim.</span> 
     </span>
    </p>

    <p class='ocr_par' dir='ltr' id='par_1_6' title="bbox 199 2710 1473 3795">
     <span class='ocr_line' id='line_1_22' title="bbox 246 2710 1473 2787; baseline -0.003 -13"><span class='ocrx_word' id='word_1_183' title='bbox 246 2714 307 2774; x_wconf 91' lang='lat' dir='ltr'>Sed</span> <span class='ocrx_word' id='word_1_184' title='bbox 347 2714 535 2787; x_wconf 88' lang='lat' dir='ltr'>rogantibus</span> <span class='ocrx_word' id='word_1_185' title='bbox 573 2713 649 2786; x_wconf 91' lang='lat' dir='ltr'>quid</span> <span class='ocrx_word' id='word_1_186' title='bbox 683 2714 781 2787; x_wconf 89' lang='lat' dir='ltr'>igitur</span> <span class='ocrx_word' id='word_1_187' title='bbox 815 2713 853 2772; x_wconf 90' lang='lat' dir='ltr'>de</span> <span class='ocrx_word' id='word_1_188' title='bbox 888 2712 1060 2773; x_wconf 88' lang='lat' dir='ltr'>Homerica</span> <span class='ocrx_word' id='word_1_189' title='bbox 1094 2711 1191 2771; x_wconf 90' lang='lat' dir='ltr'>huius</span> <span class='ocrx_word' id='word_1_190' title='bbox 1225 2710 1473 2784; x_wconf 87' lang='lat' dir='ltr'>praepositionis</span> 
     </span>
     <span class='ocr_line' id='line_1_23' title="bbox 200 2811 1472 2889; baseline -0.002 -16"><span class='ocrx_word' id='word_1_191' title='bbox 200 2814 305 2874; x_wconf 84' lang='lat' dir='ltr'>forma</span> <span class='ocrx_word' id='word_1_192' title='bbox 338 2815 382 2873; x_wconf 87' lang='lat' dir='ltr'>sit</span> <span class='ocrx_word' id='word_1_193' title='bbox 415 2815 636 2889; x_wconf 87' lang='lat' dir='ltr'>statuendum,</span> <span class='ocrx_word' id='word_1_194' title='bbox 670 2813 750 2874; x_wconf 86' lang='lat' dir='ltr'>nihil</span> <span class='ocrx_word' id='word_1_195' title='bbox 785 2814 831 2873; x_wconf 87' lang='lat' dir='ltr'>ita</span> <span class='ocrx_word' id='word_1_196' title='bbox 861 2815 986 2874; x_wconf 90' lang='lat' dir='ltr'>certum</span> <span class='ocrx_word' id='word_1_197' title='bbox 1019 2813 1146 2873; x_wconf 86' lang='lat' dir='ltr'>videtur</span> <span class='ocrx_word' id='word_1_198' title='bbox 1176 2813 1212 2872; x_wconf 89' lang='lat' dir='ltr'>ut</span> <span class='ocrx_word' id='word_1_199' title='bbox 1241 2811 1282 2871; x_wconf 93' lang='lat' dir='ltr'>ad</span> <span class='ocrx_word' id='word_1_200' title='bbox 1314 2811 1472 2871; x_wconf 89' lang='lat' dir='ltr'>traditum</span> 
     </span>
     <span class='ocr_line' id='line_1_24' title="bbox 200 2913 1471 2988; baseline -0.002 -14"><span class='ocrx_word' id='word_1_201' title='bbox 200 2917 329 2974; x_wconf 84' lang='lat' dir='ltr'>textum</span> <span class='ocrx_word' id='word_1_202' title='bbox 352 2916 545 2976; x_wconf 89' lang='lat' dir='ltr'>mutandum</span> <span class='ocrx_word' id='word_1_203' title='bbox 570 2916 704 2975; x_wconf 84' lang='lat' dir='ltr'>incitare</span> <span class='ocrx_word' id='word_1_204' title='bbox 727 2931 786 2975; x_wconf 92' lang='lat' dir='ltr'>nos</span> <span class='ocrx_word' id='word_1_205' title='bbox 810 2916 916 2988; x_wconf 89' lang='lat' dir='ltr'>queat.</span> <span class='ocrx_word' id='word_1_206' title='bbox 940 2915 1024 2975; x_wconf 87' lang='lat' dir='ltr'>Nam</span> <span class='ocrx_word' id='word_1_207' title='bbox 1047 2914 1276 2987; x_wconf 89' lang='lat' dir='ltr'>antiquissima</span> <span class='ocrx_word' id='word_1_208' title='bbox 1300 2913 1362 2972; x_wconf 82' lang='lat' dir='ltr'>luit</span> <span class='ocrx_word' id='word_1_209' title='bbox 1384 2928 1471 2987; x_wconf 89' lang='lat' dir='ltr'>prae·</span> 
     </span>
     <span class='ocr_line' id='line_1_25' title="bbox 199 3011 1472 3094; baseline 0 -19"><span class='ocrx_word' id='word_1_210' title='bbox 199 3016 368 3089; x_wconf 87' lang='lat' dir='ltr'>positionis</span> <span class='ocrx_word' id='word_1_211' title='bbox 399 3017 503 3076; x_wconf 87' lang='lat' dir='ltr'>forma</span> <span class='ocrx_word' id='word_1_212' title='bbox 532 3015 605 3094; x_wconf 72' lang='grc' dir='ltr'>πρότ</span> <span class='ocrx_word' id='word_1_213' title='bbox 636 3017 706 3077; x_wconf 87' lang='lat' dir='ltr'>sive</span> <span class='ocrx_word' id='word_1_214' title='bbox 734 3017 858 3077; x_wconf 90' lang='lat' dir='ltr'>adiecto</span> <span class='ocrx_word' id='word_1_215' title='bbox 879 3017 1010 3077; x_wconf 89' lang='lat' dir='ltr'>locativi</span> <span class='ocrx_word' id='word_1_216' title='bbox 1035 3012 1066 3092; x_wconf 64' lang='grc' dir='ltr'>(ξ</span> <span class='ocrx_word' id='word_1_217' title='bbox 1089 3014 1144 3092; x_wconf 87' lang='grc'>48)</span> <span class='ocrx_word' id='word_1_218' title='bbox 1168 3015 1260 3088; x_wconf 85' lang='lat' dir='ltr'>signo</span> <span class='ocrx_word' id='word_1_219' title='bbox 1284 3011 1377 3092; x_wconf 77' lang='grc' dir='ltr'><strong><em>προτί.</em></strong></span> <span class='ocrx_word' id='word_1_220' title='bbox 1402 3015 1472 3075; x_wconf 88' lang='lat' dir='ltr'>Iota</span> 
     </span>
     <span class='ocr_line' id='line_1_26' title="bbox 201 3113 1472 3194; baseline -0.001 -18"><span class='ocrx_word' id='word_1_221' title='bbox 201 3117 308 3176; x_wconf 85' lang='lat' dir='ltr'>effecit</span> <span class='ocrx_word' id='word_1_222' title='bbox 338 3118 375 3174; x_wconf 89' lang='lat' dir='ltr'>ut</span> <span class='ocrx_word' id='word_1_223' title='bbox 404 3117 437 3175; x_wconf 92' lang='lat' dir='ltr'>in</span> <span class='ocrx_word' id='word_1_224' title='bbox 467 3133 485 3174; x_wconf 89' lang='grc' dir='ltr'><strong>σ</strong></span> <span class='ocrx_word' id='word_1_225' title='bbox 515 3119 697 3177; x_wconf 85' lang='lat' dir='ltr'>mutaretur</span> <span class='ocrx_word' id='word_1_226' title='bbox 730 3118 929 3178; x_wconf 91' lang='lat' dir='ltr'>elementum</span> <span class='ocrx_word' id='word_1_227' title='bbox 959 3139 985 3192; x_wconf 81' lang='grc' dir='ltr'>τ,</span> <span class='ocrx_word' id='word_1_228' title='bbox 1014 3118 1061 3177; x_wconf 86' lang='grc'>616</span> <span class='ocrx_word' id='word_1_229' title='bbox 1083 3114 1158 3194; x_wconf 79' lang='grc' dir='ltr'><strong><em>πρός</em></strong></span> <span class='ocrx_word' id='word_1_230' title='bbox 1180 3132 1222 3176; x_wconf 86' lang='lat' dir='ltr'>ex</span> <span class='ocrx_word' id='word_1_231' title='bbox 1243 3113 1335 3192; x_wconf 80' lang='grc' dir='ltr'><strong><em>προσί</em></strong></span> <span class='ocrx_word' id='word_1_232' title='bbox 1356 3117 1472 3176; x_wconf 87' lang='lat' dir='ltr'>natum</span> 
     </span>
     <span class='ocr_line' id='line_1_27' title="bbox 201 3211 1468 3297; baseline -0.002 -20"><span class='ocrx_word' id='word_1_233' title='bbox 201 3218 261 3278; x_wconf 85' lang='lat' dir='ltr'>est.</span> <span class='ocrx_word' id='word_1_234' title='bbox 292 3217 381 3276; x_wconf 86' lang='lat' dir='ltr'>Inter</span> <span class='ocrx_word' id='word_1_235' title='bbox 413 3216 582 3279; x_wconf 79' lang='lat' dir='ltr'>Cretenses</span> <span class='ocrx_word' id='word_1_236' title='bbox 608 3218 696 3296; x_wconf 80' lang='grc' dir='ltr'><strong><em>προτί</em></strong></span> <span class='ocrx_word' id='word_1_237' title='bbox 716 3221 749 3279; x_wconf 91' lang='lat' dir='ltr'>in</span> <span class='ocrx_word' id='word_1_238' title='bbox 772 3219 859 3296; x_wconf 78' lang='grc' dir='ltr'><strong><em>πορτί</em></strong></span> <span class='ocrx_word' id='word_1_239' title='bbox 881 3220 969 3296; x_wconf 81' lang='lat' dir='ltr'>abiit,</span> <span class='ocrx_word' id='word_1_240' title='bbox 994 3218 1057 3280; x_wconf 85' lang='lat' dir='ltr'>vid.</span> <span class='ocrx_word' id='word_1_241' title='bbox 1080 3215 1166 3297; x_wconf 76' lang='grc'>116611</span> <span class='ocrx_word' id='word_1_242' title='bbox 1187 3215 1242 3277; x_wconf 78' lang='grc' dir='ltr'>τὰν</span> <span class='ocrx_word' id='word_1_243' title='bbox 1265 3216 1363 3293; x_wconf 75' lang='grc' dir='ltr'><strong><em>πόλιν,</em></strong></span> <span class='ocrx_word' id='word_1_244' title='bbox 1384 3211 1468 3295; x_wconf 81' lang='grc' dir='ltr'>πορτ’</span> 
     </span>
     <span class='ocr_line' id='line_1_28' title="bbox 200 3315 1472 3397; baseline 0.002 -21"><span class='ocrx_word' id='word_1_245' title='bbox 200 3316 294 3377; x_wconf 70' lang='lat' dir='ltr'>adrev</span> <span class='ocrx_word' id='word_1_246' title='bbox 327 3317 438 3379; x_wconf 81' lang='lat' dir='ltr'>Oauer.</span> <span class='ocrx_word' id='word_1_247' title='bbox 470 3319 603 3380; x_wconf 88' lang='lat' dir='ltr'>Delect.²</span> <span class='ocrx_word' id='word_1_248' title='bbox 638 3319 832 3394; x_wconf 74' lang='lat'><strong>1324·¹⁸·²⁸·⁴²;</strong></span> <span class='ocrx_word' id='word_1_249' title='bbox 863 3321 943 3381; x_wconf 90' lang='lat' dir='ltr'>item</span> <span class='ocrx_word' id='word_1_250' title='bbox 974 3317 1135 3397; x_wconf 74' lang='grc' dir='ltr'>περτὲδωκε</span> <span class='ocrx_word' id='word_1_251' title='bbox 1166 3317 1211 3396; x_wconf 80' lang='lat'>(=</span> <span class='ocrx_word' id='word_1_252' title='bbox 1229 3315 1411 3396; x_wconf 78' lang='grc' dir='ltr'>προσέδωκε)</span> <span class='ocrx_word' id='word_1_253' title='bbox 1439 3319 1472 3378; x_wconf 93' lang='lat' dir='ltr'>in</span> 
     </span>
     <span class='ocr_line' id='line_1_29' title="bbox 200 3417 1472 3497; baseline 0.002 -19"><span class='ocrx_word' id='word_1_254' title='bbox 200 3420 344 3494; x_wconf 89' lang='lat' dir='ltr'>inscript.</span> <span class='ocrx_word' id='word_1_255' title='bbox 376 3420 595 3493; x_wconf 87' lang='lat' dir='ltr'>Pamphylicis</span> <span class='ocrx_word' id='word_1_256' title='bbox 629 3418 725 3482; x_wconf 82' lang='lat'>1260³</span> <span class='ocrx_word' id='word_1_257' title='bbox 758 3424 791 3481; x_wconf 92' lang='lat' dir='ltr'>et</span> <span class='ocrx_word' id='word_1_258' title='bbox 823 3417 921 3482; x_wconf 65' lang='lat' dir='ltr'>1261l</span> <span class='ocrx_word' id='word_1_259' title='bbox 954 3421 1075 3481; x_wconf 76' lang='lat' dir='ltr'>collita.</span> <span class='ocrx_word' id='word_1_260' title='bbox 1100 3421 1186 3481; x_wconf 84' lang='lat' dir='ltr'>Alibi</span> <span class='ocrx_word' id='word_1_261' title='bbox 1210 3436 1285 3480; x_wconf 90' lang='lat' dir='ltr'>vero</span> <span class='ocrx_word' id='word_1_262' title='bbox 1309 3420 1472 3497; x_wconf 71' lang='lat' dir='ltr'>liquidae</span> 
     </span>
     <span class='ocr_line' id='line_1_30' title="bbox 200 3521 1472 3597; baseline 0 -17"><span class='ocrx_word' id='word_1_263' title='bbox 200 3536 263 3580; x_wconf 94' lang='lat' dir='ltr'>non</span> <span class='ocrx_word' id='word_1_264' title='bbox 294 3521 401 3581; x_wconf 92' lang='lat' dir='ltr'>solum</span> <span class='ocrx_word' id='word_1_265' title='bbox 428 3521 497 3581; x_wconf 88' lang='lat' dir='ltr'>loco</span> <span class='ocrx_word' id='word_1_266' title='bbox 528 3524 617 3581; x_wconf 88' lang='lat' dir='ltr'>mota</span> <span class='ocrx_word' id='word_1_267' title='bbox 648 3522 705 3582; x_wconf 94' lang='lat' dir='ltr'>sed</span> <span class='ocrx_word' id='word_1_268' title='bbox 736 3522 866 3582; x_wconf 89' lang='lat' dir='ltr'>omnino</span> <span class='ocrx_word' id='word_1_269' title='bbox 898 3524 1032 3581; x_wconf 83' lang='lat' dir='ltr'>extrusa</span> <span class='ocrx_word' id='word_1_270' title='bbox 1062 3524 1123 3597; x_wconf 88' lang='lat' dir='ltr'>est,</span> <span class='ocrx_word' id='word_1_271' title='bbox 1148 3523 1181 3581; x_wconf 91' lang='lat' dir='ltr'>et</span> <span class='ocrx_word' id='word_1_272' title='bbox 1203 3522 1250 3580; x_wconf 90' lang='lat' dir='ltr'>sic</span> <span class='ocrx_word' id='word_1_273' title='bbox 1272 3523 1370 3581; x_wconf 89' lang='lat' dir='ltr'>natae</span> <span class='ocrx_word' id='word_1_274' title='bbox 1393 3523 1472 3581; x_wconf 90' lang='lat' dir='ltr'>sunt</span> 
     </span>
     <span class='ocr_line' id='line_1_31' title="bbox 201 3621 1470 3699; baseline 0.001 -18"><span class='ocrx_word' id='word_1_275' title='bbox 201 3622 403 3683; x_wconf 88' lang='lat' dir='ltr'>Doriensium</span> <span class='ocrx_word' id='word_1_276' title='bbox 434 3622 636 3696; x_wconf 89' lang='lat' dir='ltr'>Aeolumque</span> <span class='ocrx_word' id='word_1_277' title='bbox 667 3623 789 3682; x_wconf 84' lang='lat' dir='ltr'>formae</span> <span class='ocrx_word' id='word_1_278' title='bbox 820 3622 889 3682; x_wconf 75' lang='grc'>11611</span> <span class='ocrx_word' id='word_1_279' title='bbox 917 3621 972 3682; x_wconf 68' lang='grc' dir='ltr'>πάι</span> <span class='ocrx_word' id='word_1_280' title='bbox 999 3621 1060 3699; x_wconf 78' lang='grc' dir='ltr'><em>ποί,</em></span> <span class='ocrx_word' id='word_1_281' title='bbox 1083 3623 1245 3683; x_wconf 84' lang='lat' dir='ltr'>Arcadum</span> <span class='ocrx_word' id='word_1_282' title='bbox 1269 3622 1470 3697; x_wconf 85' lang='lat' dir='ltr'>cypriorum·</span> 
     </span>
     <span class='ocr_line' id='line_1_32' title="bbox 201 3721 350 3795; baseline -0.007 -14"><span class='ocrx_word' id='word_1_283' title='bbox 201 3738 263 3795; x_wconf 94' lang='lat' dir='ltr'>que</span> <span class='ocrx_word' id='word_1_284' title='bbox 286 3721 350 3794; x_wconf 79' lang='grc' dir='ltr'><strong><em>πός.</em></strong></span> 
     </span>
    </p>

    <p class='ocr_par' dir='ltr' id='par_1_7' title="bbox 245 3824 1470 3901">
     <span class='ocr_line' id='line_1_33' title="bbox 245 3824 1470 3901; baseline 0.003 -19"><span class='ocrx_word' id='word_1_285' title='bbox 245 3824 327 3897; x_wconf 82' lang='lat' dir='ltr'>Ergo</span> <span class='ocrx_word' id='word_1_286' title='bbox 345 3825 557 3885; x_wconf 89' lang='lat' dir='ltr'>recentiorem</span> <span class='ocrx_word' id='word_1_287' title='bbox 578 3825 717 3885; x_wconf 81' lang='lat' dir='ltr'>sormam</span> <span class='ocrx_word' id='word_1_288' title='bbox 736 3824 806 3884; x_wconf 76' lang='grc' dir='ltr'><strong><em>ποτί</em></strong></span> <span class='ocrx_word' id='word_1_289' title='bbox 823 3826 959 3886; x_wconf 88' lang='lat' dir='ltr'>libenter</span> <span class='ocrx_word' id='word_1_290' title='bbox 978 3843 995 3886; x_wconf 95' lang='lat' dir='ltr'>e</span> <span class='ocrx_word' id='word_1_291' title='bbox 1016 3827 1213 3886; x_wconf 88' lang='lat' dir='ltr'>carminibus</span> <span class='ocrx_word' id='word_1_292' title='bbox 1225 3826 1324 3901; x_wconf 87' lang='lat' dir='ltr'>epicis</span> <span class='ocrx_word' id='word_1_293' title='bbox 1336 3826 1470 3887; x_wconf 85' lang='lat' dir='ltr'>exulare</span> 
     </span>
    </p>
   </div>
   <div class='ocr_carea' id='block_1_5' title="bbox 201 3920 1473 4007">
    <p class='ocr_par' dir='ltr' id='par_1_8' title="bbox 201 3920 1473 4007">
     <span class='ocr_line' id='line_1_34' title="bbox 201 3920 1473 4007; baseline 0.002 -24"><span class='ocrx_word' id='word_1_294' title='bbox 201 3925 333 3984; x_wconf 88' lang='lat' dir='ltr'>iusserit</span> <span class='ocrx_word' id='word_1_295' title='bbox 363 3926 533 4001; x_wconf 88' lang='lat' dir='ltr'>quispiam,</span> <span class='ocrx_word' id='word_1_296' title='bbox 565 3929 732 4000; x_wconf 89' lang='lat' dir='ltr'>praeterea</span> <span class='ocrx_word' id='word_1_297' title='bbox 762 3927 913 3987; x_wconf 89' lang='lat' dir='ltr'>dubitans</span> <span class='ocrx_word' id='word_1_298' title='bbox 944 3943 986 3987; x_wconf 89' lang='lat' dir='ltr'>an</span> <span class='ocrx_word' id='word_1_299' title='bbox 1016 3926 1090 4005; x_wconf 79' lang='grc' dir='ltr'><strong><em>πρός</em></strong></span> <span class='ocrx_word' id='word_1_300' title='bbox 1121 3929 1154 3988; x_wconf 89' lang='grc'>16</span> <span class='ocrx_word' id='word_1_301' title='bbox 1186 3925 1275 4005; x_wconf 76' lang='grc' dir='ltr'><strong><em>προτί</em></strong></span> <span class='ocrx_word' id='word_1_302' title='bbox 1302 3927 1354 3987; x_wconf 86' lang='lat' dir='ltr'>vel</span> <span class='ocrx_word' id='word_1_303' title='bbox 1386 3920 1473 4007; x_wconf 70' lang='lat' dir='ltr'>spot’</span> 
     </span>
    </p>
   </div>
   <div class='ocr_carea' id='block_1_6' title="bbox 200 4153 1476 4612">
    <p class='ocr_par' dir='ltr' id='par_1_9' title="bbox 200 4153 1476 4541">
     <span class='ocr_line' id='line_1_35' title="bbox 236 4153 1475 4222; baseline 0.006 -20"><span class='ocrx_word' id='word_1_304' title='bbox 236 4153 255 4220; x_wconf 90' lang='lat'>¹)</span> <span class='ocrx_word' id='word_1_305' title='bbox 272 4157 303 4202; x_wconf 92' lang='lat' dir='ltr'>In</span> <span class='ocrx_word' id='word_1_306' title='bbox 328 4159 400 4203; x_wconf 83' lang='lat' dir='ltr'>textu</span> <span class='ocrx_word' id='word_1_307' title='bbox 425 4157 518 4205; x_wconf 81' lang='lat' dir='ltr'>tradito</span> <span class='ocrx_word' id='word_1_308' title='bbox 543 4159 588 4205; x_wconf 90' lang='lat' dir='ltr'>nbi</span> <span class='ocrx_word' id='word_1_309' title='bbox 613 4161 682 4205; x_wconf 86' lang='lat' dir='ltr'>extat</span> <span class='ocrx_word' id='word_1_310' title='bbox 707 4163 783 4222; x_wconf 64' lang='lat' dir='ltr'>apost.</span> <span class='ocrx_word' id='word_1_311' title='bbox 810 4162 910 4206; x_wconf 89' lang='lat' dir='ltr'>tantum</span> <span class='ocrx_word' id='word_1_312' title='bbox 936 4173 986 4207; x_wconf 90' lang='lat' dir='ltr'>non</span> <span class='ocrx_word' id='word_1_313' title='bbox 1012 4160 1132 4208; x_wconf 86' lang='lat' dir='ltr'>omnibus</span> <span class='ocrx_word' id='word_1_314' title='bbox 1157 4160 1221 4206; x_wconf 88' lang='grc'>16616</span> <span class='ocrx_word' id='word_1_315' title='bbox 1246 4161 1364 4219; x_wconf 83' lang='lat' dir='ltr'>sequitur</span> <span class='ocrx_word' id='word_1_316' title='bbox 1389 4175 1440 4209; x_wconf 73' lang='lat' dir='ltr'>vox</span> <span class='ocrx_word' id='word_1_317' title='bbox 1461 4177 1475 4209; x_wconf 85' lang='lat' dir='ltr'>a</span> 
     </span>
     <span class='ocr_line' id='line_1_36' title="bbox 200 4233 1475 4303; baseline 0.007 -23"><span class='ocrx_word' id='word_1_318' title='bbox 200 4233 320 4295; x_wconf 68' lang='lat' dir='ltr'>diqammo</span> <span class='ocrx_word' id='word_1_319' title='bbox 336 4236 469 4294; x_wconf 82' lang='lat' dir='ltr'>incipieus.</span> <span class='ocrx_word' id='word_1_320' title='bbox 488 4238 554 4284; x_wconf 87' lang='lat' dir='ltr'>Hine</span> <span class='ocrx_word' id='word_1_321' title='bbox 572 4237 657 4284; x_wconf 82' lang='lat' dir='ltr'>efficio</span> <span class='ocrx_word' id='word_1_322' title='bbox 675 4237 735 4284; x_wconf 87' lang='lat' dir='ltr'>alibi</span> <span class='ocrx_word' id='word_1_323' title='bbox 754 4240 859 4299; x_wconf 86' lang='lat' dir='ltr'>passim,</span> <span class='ocrx_word' id='word_1_324' title='bbox 877 4239 921 4284; x_wconf 86' lang='lat' dir='ltr'>ubl</span> <span class='ocrx_word' id='word_1_325' title='bbox 945 4243 1056 4286; x_wconf 88' lang='lat' dir='ltr'>metrum</span> <span class='ocrx_word' id='word_1_326' title='bbox 1075 4241 1178 4299; x_wconf 88' lang='lat' dir='ltr'>sineret,</span> <span class='ocrx_word' id='word_1_327' title='bbox 1196 4242 1254 4303; x_wconf 74' lang='grc' dir='ltr'>πρός</span> <span class='ocrx_word' id='word_1_328' title='bbox 1272 4240 1398 4300; x_wconf 84' lang='lat' dir='ltr'>seriptum</span> <span class='ocrx_word' id='word_1_329' title='bbox 1417 4255 1475 4289; x_wconf 79' lang='lat' dir='ltr'>esee</span> 
     </span>
     <span class='ocr_line' id='line_1_37' title="bbox 200 4312 1474 4381; baseline 0.005 -20"><span class='ocrx_word' id='word_1_330' title='bbox 200 4328 247 4375; x_wconf 91' lang='lat' dir='ltr'>pro</span> <span class='ocrx_word' id='word_1_331' title='bbox 265 4320 341 4379; x_wconf 70' lang='lat' dir='ltr'>uperi.</span> <span class='ocrx_word' id='word_1_332' title='bbox 357 4316 421 4362; x_wconf 86' lang='lat' dir='ltr'>Nam</span> <span class='ocrx_word' id='word_1_333' title='bbox 435 4318 503 4380; x_wconf 72' lang='grc' dir='ltr'><strong><em>προτὶ</em></strong></span> <span class='ocrx_word' id='word_1_334' title='bbox 518 4316 578 4364; x_wconf 73' lang='grc' dir='ltr'>ἄστυ</span> <span class='ocrx_word' id='word_1_335' title='bbox 593 4318 729 4376; x_wconf 86' lang='lat' dir='ltr'>quominus</span> <span class='ocrx_word' id='word_1_336' title='bbox 744 4319 770 4363; x_wconf 90' lang='lat' dir='ltr'>in</span> <span class='ocrx_word' id='word_1_337' title='bbox 786 4312 844 4381; x_wconf 72' lang='grc' dir='ltr'>πρὺς</span> <span class='ocrx_word' id='word_1_338' title='bbox 857 4318 917 4364; x_wconf 80' lang='grc' dir='ltr'><strong>ἄστυ</strong></span> <span class='ocrx_word' id='word_1_339' title='bbox 931 4321 1074 4366; x_wconf 77' lang='lat' dir='ltr'>mutaretur</span> <span class='ocrx_word' id='word_1_340' title='bbox 1086 4318 1223 4365; x_wconf 86' lang='lat' dir='ltr'>obstabant</span> <span class='ocrx_word' id='word_1_341' title='bbox 1231 4332 1322 4365; x_wconf 83' lang='lat' dir='ltr'>verane</span> <span class='ocrx_word' id='word_1_342' title='bbox 1330 4322 1434 4368; x_wconf 85' lang='lat' dir='ltr'>numeri</span> <span class='ocrx_word' id='word_1_343' title='bbox 1444 4348 1474 4356; x_wconf 87' lang='lat'>-</span> 
     </span>
     <span class='ocr_line' id='line_1_38' title="bbox 201 4389 1476 4462; baseline 0.005 -23"><span class='ocrx_word' id='word_1_344' title='bbox 201 4397 270 4440; x_wconf 87' lang='grc'>66116</span> <span class='ocrx_word' id='word_1_345' title='bbox 287 4394 390 4441; x_wconf 83' lang='lat' dir='ltr'>obstare</span> <span class='ocrx_word' id='word_1_346' title='bbox 407 4389 561 4443; x_wconf 71' lang='lat' dir='ltr'>ridebantur</span> <span class='ocrx_word' id='word_1_347' title='bbox 578 4396 772 4455; x_wconf 84' lang='lat' dir='ltr'>recentioribus,</span> <span class='ocrx_word' id='word_1_348' title='bbox 791 4397 835 4454; x_wconf 86' lang='lat' dir='ltr'>qui</span> <span class='ocrx_word' id='word_1_349' title='bbox 858 4396 987 4455; x_wconf 78' lang='lat' dir='ltr'>digamma</span> <span class='ocrx_word' id='word_1_350' title='bbox 1012 4397 1164 4456; x_wconf 81' lang='lat' dir='ltr'>ignorabant</span> <span class='ocrx_word' id='word_1_351' title='bbox 1181 4409 1224 4453; x_wconf 92' lang='lat'>-;</span> <span class='ocrx_word' id='word_1_352' title='bbox 1244 4397 1290 4444; x_wconf 87' lang='lat' dir='ltr'>sed</span> <span class='ocrx_word' id='word_1_353' title='bbox 1308 4401 1377 4462; x_wconf 67' lang='grc' dir='ltr'><em>προτὶ</em></span> <span class='ocrx_word' id='word_1_354' title='bbox 1394 4406 1476 4458; x_wconf 73' lang='grc' dir='ltr'><strong><em>μῦθον</em></strong></span> 
     </span>
     <span class='ocr_line' id='line_1_39' title="bbox 201 4462 1475 4541; baseline 0.006 -24"><span class='ocrx_word' id='word_1_355' title='bbox 201 4462 283 4518; x_wconf 61' lang='lat' dir='ltr'>ifanne</span> <span class='ocrx_word' id='word_1_356' title='bbox 300 4475 322 4519; x_wconf 86' lang='lat' dir='ltr'>si</span> <span class='ocrx_word' id='word_1_357' title='bbox 339 4473 400 4519; x_wconf 92' lang='lat' dir='ltr'>olim</span> <span class='ocrx_word' id='word_1_358' title='bbox 418 4474 475 4533; x_wconf 81' lang='lat' dir='ltr'>tuit,</span> <span class='ocrx_word' id='word_1_359' title='bbox 492 4476 585 4533; x_wconf 84' lang='lat' dir='ltr'>sponte</span> <span class='ocrx_word' id='word_1_360' title='bbox 603 4474 656 4521; x_wconf 85' lang='lat' dir='ltr'>iere</span> <span class='ocrx_word' id='word_1_361' title='bbox 675 4474 829 4533; x_wconf 85' lang='lat' dir='ltr'>disyllabum</span> <span class='ocrx_word' id='word_1_362' title='bbox 847 4475 912 4521; x_wconf 85' lang='lat' dir='ltr'>illud</span> <span class='ocrx_word' id='word_1_363' title='bbox 930 4480 999 4540; x_wconf 74' lang='lat' dir='ltr'>npozl</span> <span class='ocrx_word' id='word_1_364' title='bbox 1016 4477 1043 4522; x_wconf 89' lang='lat' dir='ltr'>in</span> <span class='ocrx_word' id='word_1_365' title='bbox 1061 4476 1194 4534; x_wconf 84' lang='lat' dir='ltr'>vulgatum</span> <span class='ocrx_word' id='word_1_366' title='bbox 1212 4479 1271 4541; x_wconf 78' lang='grc' dir='ltr'>πρὸς</span> <span class='ocrx_word' id='word_1_367' title='bbox 1288 4476 1379 4524; x_wconf 80' lang='lat' dir='ltr'>debuit</span> <span class='ocrx_word' id='word_1_368' title='bbox 1394 4478 1475 4525; x_wconf 82' lang='lat' dir='ltr'>abire·</span> 
     </span>
    </p>

    <p class='ocr_par' dir='ltr' id='par_1_10' title="bbox 234 4551 505 4612">
     <span class='ocr_line' id='line_1_40' title="bbox 234 4551 505 4612; baseline 0.007 -15"><span class='ocrx_word' id='word_1_369' title='bbox 234 4551 254 4612; x_wconf 74' lang='lat'>²)</span> <span class='ocrx_word' id='word_1_370' title='bbox 274 4553 311 4598; x_wconf 83' lang='lat' dir='ltr'>el.</span> <span class='ocrx_word' id='word_1_371' title='bbox 330 4566 387 4612; x_wconf 86' lang='lat' dir='ltr'>pag.</span> <span class='ocrx_word' id='word_1_372' title='bbox 408 4554 464 4608; x_wconf 91' lang='lat'>101,</span> <span class='ocrx_word' id='word_1_373' title='bbox 483 4555 505 4599; x_wconf 92' lang='lat'>1.</span> 
     </span>
    </p>
   </div>
   <div class='ocr_carea' id='block_1_7' title="bbox 0 0 1546 5100">
    <p class='ocr_par' dir='ltr' id='par_1_11' title="bbox 0 0 1546 5100">
     <span class='ocr_line' id='line_1_41' title="bbox 0 0 1546 5100; baseline 0 0"><span class='ocrx_word' id='word_1_374' title='bbox 0 0 1546 5100; x_wconf 95' lang='lat' dir='ltr'> </span> 
     </span>
    </p>
   </div>
  </div>
 </body>
</html>
