3120 5124
740 412 815 472 ’312
1295 403 1320 475 [t
1337 405 1379 464 122

190 600 391 661 Gravissima
411 601 491 661 haec
511 602 718 662 vetustorum
740 599 911 660 titulorum
928 596 1117 658 testimonia
1136 590 1382 668 quomodoeasent

146 703 346 778 diudicanda,
381 703 537 763 nimirum
567 718 630 763 non
666 718 739 763 esse
773 700 996 761 confundenda
1027 713 1102 758 cum
1134 695 1224 771 locis,
1257 694 1308 754 ubi
1330 692 1381 767 lapi·

146 804 227 863 darii
260 804 459 878 scripserunt
493 800 575 882 φέρει
609 820 665 879 pro
703 800 780 886 μέρη
817 805 851 863 et
885 801 1006 862 similia
1038 801 1069 877 ¹),
1100 798 1227 874 primus
1256 794 1383 857 intellexit

147 905 197 966 W.
223 905 376 981 Schulze;
401 906 464 966 vid.
490 906 630 967 Hermes
670 906 754 965 1885
778 919 808 978 p.
833 904 896 963 491
922 918 991 975 sqq.

190 1007 279 1067 Haec
306 1009 416 1068 omnia
447 1009 501 1081 qui
533 1023 646 1068 secum
670 1006 885 1081 perpenderit,
910 1005 966 1064 vix
990 1003 1149 1066 dubitabit
1171 1002 1248 1075 quin
1269 1000 1382 1060 subiunc-

145 1109 233 1183 tivis,
254 1109 309 1181 qui
322 1109 500 1170 thematioe
512 1109 615 1170 vocali
639 1110 759 1184 carent,
779 1108 813 1168 in
825 1107 963 1168 dictione
975 1105 1149 1167 Homerica
1160 1104 1274 1164 breves
1285 1103 1382 1162 tandin

146 1209 275 1269 vocales
306 1230 318 1268 ε
346 1231 362 1269 ο
394 1213 428 1270 et
450 1210 638 1285 diphthongi
669 1230 694 1269 ει
725 1231 761 1269 ου
794 1210 861 1269 sint
891 1209 1047 1283 propriae,
1071 1206 1118 1266 ita
1141 1207 1180 1265 ut
1201 1204 1303 1265 forma
1324 1201 1383 1279 ἴομεν

146 1325 173 1370 e.
198 1325 227 1383 g.
253 1312 434 1372 necessario
458 1311 524 1373 fere
548 1327 661 1372 secum
684 1311 794 1371 trahat
817 1310 939 1370 formas
965 1307 1019 1379 ἵεις
1041 1307 1079 1367 ἵει
1103 1305 1194 1382 tecet,
1217 1299 1383 1380 formabat

145 1431 225 1489 ρεται
243 1410 403 1485 pluralem
423 1412 584 1491 ίμείρονται
607 1413 708 1472 fuisse
732 1412 854 1487 doceat,
879 1410 984 1470 forme
1006 1408 1147 1485 fetdopev
1166 1408 1382 1482 flagitetoognn

146 1514 198 1572 tas
219 1512 342 1574 formas
364 1512 474 1586 ἀείδεις
496 1513 590 1574 ἀείδει
612 1514 758 1590 ἀείδουσι,
781 1514 886 1574 forma
908 1511 1043 1592 γνώομεν
1062 1512 1186 1573 formes
1206 1508 1305 1590 γνώεις
1320 1504 1384 1587 prete

145 1612 283 1693 γνώουσι.

192 1717 273 1792 Quin
295 1716 392 1790 igitur
419 1715 559 1790 simplici
583 1716 644 1777 hac
667 1717 801 1789 utilique
825 1715 1050 1776 observatione
1073 1714 1121 1774 ita
1142 1714 1267 1774 utimur
1287 1713 1320 1772 ut
1335 1722 1385 1786 pas

146 1819 210 1878 sim
240 1819 273 1878 in
295 1819 467 1879 Homerico
498 1819 593 1879 textu
624 1818 805 1878 scribamus
835 1817 958 1878 formas
981 1830 1063 1890 quas
1085 1815 1232 1891 postulat
1258 1811 1388 1886 anduh,

147 1923 180 1980 et
203 1936 230 1981 e.
243 1935 273 1994 g.
294 1920 402 1981 52688
425 1921 561 1980 edamus
584 1918 619 1977 αἴ
638 1912 661 1977 κ’
685 1915 872 1998 Ἀγαμέμνων
893 1913 897 1999 l
918 1917 1021 1998 γνώει
1045 1911 1072 1975 o’
1089 1915 1245 1995 Ἀτρεΐδης,
1264 1913 1391 1995 μνώοοσι

146 2016 179 2080 u
205 2020 312 2093 πάντες
341 2018 472 2099 lipsani?
496 2055 537 2063 -
562 2020 663 2080 Multa
696 2020 836 2094 obstant,
868 2019 988 2093 opinor.
1022 2017 1266 2094 Quadamtenue
1291 2013 1394 2090 prodire

146 2138 182 2184 se
212 2138 306 2198 posse
329 2123 464 2197 putabat
487 2122 521 2183 L.
546 2123 654 2196 Meyer
675 2122 879 2182 Griechische
902 2120 1053 2180 Acriston
1081 2134 1111 2193 p.
1136 2121 1187 2196 11,
1212 2139 1307 2178 evea
1322 2116 1397 2179 enim

146 2225 180 2284 et
201 2240 283 2284 -ουσι
305 2225 511 2285 scribendum
535 2224 738 2298 autumabat,
762 2222 936 2296 singularis
964 2222 1092 2282 numeri
1115 2221 1239 2281 formas
1262 2236 1322 2282 non
1340 2221 1400 2279 un·

145 2340 242 2399 gens;
275 2326 398 2386 cautior
425 2327 526 2386 etiarn
550 2326 612 2385 fuit
636 2325 753 2400 Christ,
778 2325 832 2397 qui
855 2324 954 2384 medii
976 2323 1117 2384 formam
1140 2338 1183 2383 ex
1206 2321 1320 2397 Meyeri
1340 2328 1404 2380 sen·

146 2428 248 2487 tentia
282 2428 433 2503 mutavit,
468 2428 525 2488 sed
558 2429 704 2488 activum
739 2425 894 2500 reingere
928 2442 992 2486 non
1021 2427 1073 2486 est
1102 2439 1213 2501 ausus,
1247 2424 1308 2485 vid.
1332 2412 1409 2498 prol·

144 2527 235 2589 Iliad.
270 2545 300 2603 p.
336 2530 408 2589 114.
442 2530 503 2591 Sed
534 2529 598 2589 nisi
632 2543 745 2588 omnes
778 2527 901 2588 formae
924 2543 1006 2600 quae
1030 2527 1093 2586 huc
1116 2526 1280 2601 pertinent
1301 2525 1415 2586 eodem

144 2631 286 2691 remedio
308 2631 434 2706 possint
456 2632 575 2706 sanari,
600 2631 705 2690 satius
729 2630 781 2690 est
803 2630 943 2705 profecto
968 2645 1007 2690 ne
1031 2643 1132 2689 unam
1157 2628 1288 2701 qudem
1309 2642 1346 2687 ex
1365 2617 1419 2681 iia

144 2731 300 2803 tetigisse.
335 2732 364 2790 A
399 2732 549 2806 perfectis
586 2732 697 2791 autem
732 2733 769 2790 ut
799 2731 1033 2806 abstineamus,
1065 2730 1178 2790 monet
1208 2745 1268 2790 nos
1295 2725 1427 2789 uarios

144 2833 340 2893 subiunctivi
364 2835 468 2895 forma
491 2849 589 2908 quam
616 2834 710 2894 modo
734 2833 907 2893 attulimus
930 2832 1071 2915 τεθνάκη,
1094 2847 1199 2906 neque
1222 2832 1319 2905 igitur
1335 2814 1430 2890 aori·

143 2936 213 2995 stoa
247 2937 416 3013 secundos
454 2951 591 3010 quorum
623 2936 833 2997 conformatio
864 2935 1039 2996 artissimis
1070 2933 1209 2994 vinculis
1245 2947 1319 2992 cum
1345 2928 1435 3006 p61·

143 3036 226 3097 fecto
257 3037 416 3113 cohaeret,
448 3039 587 3098 tentabit
610 3039 757 3112 quisquis
781 3039 832 3098 est
855 3038 977 3098 mentis
999 3037 1163 3096 subactae.
1190 3035 1303 3108 Itaque
1325 3028 1435 3094 solili

143 3139 368 3199 subiunctivus
403 3140 515 3200 aoristi
550 3140 713 3212 sigmatici
747 3140 859 3215 restat,
893 3140 944 3199 cui
976 3139 1046 3199 sine
1073 3137 1261 3198 temeritate
1284 3133 1435 3196 carmin

141 3261 197 3311 -εις
227 3256 309 3301 -ονσι
339 3244 400 3302 eto.
426 3242 524 3302 tribui
552 3242 686 3315 possint.
713 3242 870 3301 Attamen
893 3256 934 3301 ne
957 3241 1017 3301 hoc
1040 3239 1172 3313 quidem
1195 3238 1268 3299 ausi
1290 3233 1435 3297 suma*

141 3343 294 3416 quoniam
317 3343 403 3403 haud
426 3343 473 3403 ita
496 3343 561 3402 rari
584 3343 618 3402 in
644 3344 840 3403 carminibus
864 3342 963 3417 epicis
987 3344 1065 3401 sunt
1088 3340 1149 3402 looi
1179 3341 1234 3401 ubi
1258 3336 1435 3414 reperiit1

140 3445 195 3504 tur
227 3445 473 3505 terminationes
511 3443 661 3516 vulgares
702 3460 817 3520 -σητον,
850 3459 972 3521 -σωμεν,
1005 3459 1116 3521 -οηται,
1149 3440 1297 3519 -οώμεθα,
1330 3438 1435 3514 qui

142 3547 315 3619 quominus
338 3545 553 3607 sollicitentur
577 3547 686 3606 obstat
708 3547 867 3607 metrum:

228 3644 405 3725 ἀντιάσητον
430 3651 471 3707 Μ
491 3650 567 3722 356,
592 3643 792 3726 ἐποτρύνητον
818 3650 842 3705 Ζ
867 3647 919 3708 83.

227 3748 435 3829 βουλεύσωμεν
467 3769 489 3807 ιτ
521 3750 595 3825 234,
628 3745 760 3826 ὄρσωμεν
784 3751 817 3807 Η
840 3749 892 3825 38,
925 3747 1087 3825 παύσωμεν
1115 3749 1150 3805 H
1171 3748 1224 3824 29,
1248 3742 1435 3823 ντέμψωμν

272 3872 291 3909 ν
317 3851 392 3927 383,
413 3847 613 3928 ἐνιπλήξωμεν
635 3853 676 3908 Μ
697 3852 737 3911 72
762 3849 931 3927 (φθίσωμεν
951 3871 973 3909 ιτ
998 3851 1063 3911 369
1086 3849 1148 3922 leg.
1173 3853 1292 3926 αιμεν).

227 3946 371 4027 ἀλλήλους
406 3949 533 4030 τρώσητε
567 3949 778 4030 καταισχύνητέ
811 3973 841 4012 τε
866 3952 952 4011 δαῖτα
986 3972 1008 4010 τι
1032 3953 1095 4012 293
1109 3973 1168 4010 =t
1195 3953 1245 4028 12,
1277 3947 1435 4019 ἀώείσᾰ

273 4051 306 4110 Ω
332 4054 405 4129 779,
431 4048 535 4131 ὄρσητε
563 4056 597 4112 Ψ
618 4054 693 4130 210,
717 4052 861 4132 περάσητε
886 4075 902 4114 ο
926 4055 1001 4114 453.

227 4153 391 4234 δηλήσηται
414 4158 443 4213 Γ
465 4157 539 4232 107,
563 4152 710 4233 ἀνήνηται
734 4158 753 4214 Ι
774 4156 849 4232 510,
873 4151 978 4232 ἀληται
1004 4156 1033 4212 Φ
1057 4156 1131 4216 530.

170 4410 188 4471 ¹]
206 4412 359 4461 Huiusmodi
384 4412 446 4459 vitia
472 4425 523 4459 non
549 4425 611 4458 sane
637 4425 695 4457 rara
721 4415 789 4469 aunt,
816 4411 862 4459 aed
889 4412 915 4458 in
942 4412 1128 4458 recentioribus
1153 4411 1258 4459 demum
1280 4409 1435 4470 lapidi&

135 4492 284 4551 frequenter
300 4482 445 4541 occurrunt.
464 4491 520 4539 vin.
538 4504 561 4537 e.
579 4505 603 4553 g.
623 4491 706 4539 Oaner
724 4485 792 4540 Del.¹
810 4492 850 4554 4⁷,
869 4491 973 4539 Curtius
990 4490 1103 4539 Verbum
1122 4486 1161 4537 11⁸
1177 4504 1203 4552 p.
1222 4493 1262 4550 89,
1272 4491 1301 4536 G.
1310 4483 1435 4548 Har*

134 4570 149 4610 3
168 4571 207 4610 72.
