3120 5124
26 433 44 502 s
69 434 144 505 erc]
630 435 693 518 ere

25 619 234 694 responderet
263 620 386 697 opinor,
417 619 473 682 illo
506 621 653 696 tempore
688 619 724 680 ui
749 641 801 680 κεν
834 620 957 682 lectum
989 621 1091 682 ruisse
1121 620 1155 681 ln
1190 619 1297 680 Petro·

26 720 113 781 oleae
154 735 261 782 versu.
294 721 438 783 concedo
476 736 573 796 sene;
605 723 663 783 sed
697 721 854 795 numquid
887 722 986 795 igitur
1021 720 1216 796 Oyneetbus,
1241 721 1298 780 aut

24 821 172 895 quisquis
203 821 274 898 tuit,
306 822 474 884 Aeolicum
506 821 585 883 illud
616 821 653 880 αἴ
670 843 721 882 κεν
745 823 914 896 indignum
936 823 1092 883 iudicavit
1114 821 1197 895 quod
1220 820 1296 881 tole·

24 925 152 984 raretur
178 925 209 981 Π
233 926 285 1000 39,
309 925 367 985 sed
390 925 524 997 dignum
547 926 658 984 tamen
679 924 762 997 quod
781 924 978 999 reciperetur
996 924 1030 984 in
1048 937 1170 983 novum
1188 921 1296 983 locum

24 1038 44 1084 a
74 1039 111 1084 se
142 1023 341 1086 confictum?
377 1024 492 1085 credar
523 1025 577 1098 qui
607 1024 735 1086 credere
766 1025 885 1099 possit;
917 1039 1021 1098 neque
1052 1023 1209 1100 Fickium,
1234 1037 1297 1095 quo

23 1126 75 1185 est
95 1125 216 1185 mentis
228 1127 387 1201 acumine,
400 1125 476 1186 talis
488 1125 646 1200 opinionis
658 1125 877 1186 defensionem
890 1127 1117 1200 suscepturum
1131 1123 1295 1184 existimo.

22 1226 94 1286 Nisi
113 1227 224 1287 temen
244 1241 319 1288 eam
338 1226 498 1302 defendat,
518 1226 610 1286 nobis
631 1227 930 1287 concedatnecesse
942 1227 1003 1302 est,
1023 1227 1120 1301 post
1140 1224 1296 1299 oynaeuu

23 1341 99 1401 ergo
121 1329 278 1404 tempora,
301 1328 334 1389 id
357 1329 410 1389 eet
431 1329 605 1403 postquem
624 1328 702 1388 ilias
722 1330 756 1388 et
775 1327 920 1402 Odyssea
939 1328 972 1387 in
991 1328 1181 1388 hodiernam
1200 1341 1296 1386 suam

22 1428 163 1489 formam
198 1430 232 1490 et
267 1429 428 1490 ambitum
458 1432 536 1489 sunt
566 1428 726 1505 redactae,
756 1428 790 1489 ln
821 1428 1006 1490 Patrocleae
1039 1428 1146 1489 locum
1178 1429 1295 1497 (1139)

22 1529 192 1605 irrepsisse
222 1530 354 1591 vocules
387 1526 426 1608 ἢν
456 1549 527 1608 που,
561 1531 594 1590 et
631 1530 678 1591 sio
715 1531 800 1590 ultro
830 1530 1010 1591 delabimur
1042 1529 1083 1590 ad
1113 1529 1297 1604 opinionem

23 1644 123 1703 quem
153 1645 213 1704 ego
242 1631 326 1692 tueri
358 1645 464 1710 conor,
495 1647 559 1692 non
591 1632 631 1692 ab
662 1632 780 1692 Ionicis
810 1632 919 1693 nescio
942 1632 1058 1706 quibus
1082 1631 1296 1691 diasceuastis

23 1732 56 1791 in
86 1733 217 1792 textum
249 1733 459 1794 Homericum
490 1734 657 1795 invectum
680 1749 753 1795 esse
776 1729 824 1810 div,
846 1734 904 1794 sed
926 1748 998 1795 sero
1022 1734 1165 1808 demum,
1189 1733 1293 1807 prout·

23 1847 119 1893 cesus
143 1833 250 1910 ferret,
274 1834 308 1894 in
332 1835 453 1896 multoe
476 1834 564 1896 locos
589 1835 713 1896 sensim
736 1835 916 1910 irrepsisse.

66 1934 206 1995 Patrocli
228 1938 341 1997 autem
362 1937 461 1997 verba
483 1937 561 1998 dum
581 1939 691 1997 mente
710 1939 871 2012 tenemus,
892 1933 1088 1996 confidenter
1106 1932 1296 2008 relingimus

23 2034 103 2096 allos
126 2037 284 2110 quosdam
307 2037 404 2115 locos,
428 2052 509 2112 quos
532 2039 754 2114 importunum
777 2036 857 2097 illud
880 2058 940 2097 που
964 2037 1105 2097 obsedit:

109 2137 220 2317 53Ξὲ
262 2179 308 2261 ἢν
331 2203 407 2244 που
431 2180 560 2262 ἀκούσω,

110 2360 124 2398 ε
147 2340 211 2401 417
236 2337 283 2419 ἤν
305 2361 381 2402 που
405 2339 532 2422 ἐφεύρω,

21 2441 124 2501 immo
148 2439 191 2499 αἴ
209 2462 276 2502 κεν
300 2439 429 2522 ἀκούσω,
447 2443 491 2503 αἴ
508 2465 575 2503 κεν
598 2440 722 2523 ἐφεύρω.

63 2541 186 2603 Eadem
209 2545 260 2604 est
282 2546 425 2606 condicio
448 2561 563 2607 versus
586 2548 618 2604 X
630 2547 691 2606 108
715 2541 780 2622 ἐμοὶ
803 2539 835 2604 δὲ
857 2538 911 2604 τότ’
938 2539 976 2602 ἂν
998 2541 1075 2602 πολὺ
1098 2538 1216 2621 κέρδιον
1239 2539 1294 2618 εἴη.

17 2643 103 2704 Nam
135 2659 213 2705 vera
242 2645 338 2707 lectio
368 2646 400 2706 τό
423 2668 474 2706 κεν
497 2645 574 2706 πολὺ
597 2643 715 2726 κέρδιον
738 2645 784 2724 εἴη
807 2646 944 2707 totidem
967 2645 1085 2706 litteris
1109 2644 1201 2704 extat
1224 2642 1293 2704 loco

16 2745 173 2820 parallelo
203 2749 235 2806 H
259 2748 311 2825 28,
343 2750 377 2808 et
408 2748 598 2809 simillimus
628 2750 679 2809 est
710 2749 818 2810 1241?
857 2746 890 2808 τό
916 2769 968 2808 κεν
998 2738 1071 2826 ἧμιν
1103 2743 1185 2826 ἄφαρ
1215 2745 1293 2806 πολὺ

16 2845 137 2928 κέρδιον
160 2847 214 2928 εἴη.

60 2951 171 3025 Neque
203 2951 309 3026 magde
338 2951 471 3012 dubium
503 2953 555 3011 est
585 2953 743 3026 quomodo
767 2953 811 3012 sit
835 2952 1059 3027 corrigendum
1082 2947 1115 3024 ὃς
1138 2948 1187 3029 ἄν,
1209 2952 1292 3025 quod

15 3068 80 3113 uno
103 3053 174 3114 loco
197 3054 369 3115 Homerico
391 3076 415 3130 φ
439 3053 503 3114 294
527 3055 702 3129 reperitur:

149 3153 271 3232 βλάπτει
293 3149 334 3226 ὃς
358 3151 405 3214 ἄν
428 3177 480 3233 μιν
503 3153 615 3234 χανδὸν
637 3152 688 3238 ἕλῃ
712 3149 786 3235 μηδ’
811 3154 914 3233 αἴσιμα
936 3154 1020 3238 πίνῃ,

15 3271 93 3316 nam
115 3254 132 3316 ὅ
150 3277 215 3316 κεν
234 3259 268 3318 et
286 3258 338 3318 hio
358 3258 486 3319 restitui
506 3259 614 3334 potest
629 3260 663 3319 et
678 3258 796 3333 legitur
808 3260 946 3332 quatuor
957 3258 1037 3319 locis
1057 3260 1086 3315 Γ
1101 3258 1166 3318 354
1187 3280 1206 3314 α
1227 3256 1291 3316 254

14 3377 37 3415 π
62 3358 125 3418 257
149 3379 166 3437 ρ
190 3358 271 3434 385;
297 3374 433 3433 quorum
458 3359 603 3421 locorum
625 3361 730 3436 primo
754 3358 786 3432 ὅς
805 3380 856 3419 κεν
876 3361 982 3420 metro
1000 3359 1102 3419 invito
1121 3359 1292 3420 exhibetur

15 3459 48 3519 in
79 3459 147 3520 cod.
175 3459 212 3535 D,
237 3460 345 3520 ultimi
370 3462 460 3521 varia
484 3462 578 3523 lectio
602 3457 635 3533 ὃς
658 3458 696 3520 dcv
719 3462 863 3538 efferus,
888 3462 935 3522 ita
958 3463 995 3521 ut
1018 3461 1172 3521 vitiosum
1196 3455 1229 3532 ὃς
1251 3455 1290 3518 bv

15 3574 57 3621 ex
87 3562 226 3636 genuino
258 3559 275 3621 ii
296 3583 348 3622 κεν
376 3563 477 3624 veluti
500 3567 576 3624 ante
600 3564 710 3626 oculos
732 3566 862 3625 nostros
884 3578 1087 3639 procrescere
1110 3562 1290 3624 videamus.

59 3664 104 3723 At
133 3664 286 3737 quoniam
314 3665 524 3727 Homericum
555 3681 619 3728 non
649 3667 702 3727 est
732 3660 764 3737 ὃς
797 3662 845 3744 dv,
874 3682 938 3727 non
962 3666 1016 3726 diu
1040 3665 1150 3739 opinor
1173 3679 1292 3725 manus

16 3764 252 3827 abstinebimus
282 3781 302 3827 a
333 3768 457 3829 voculis
488 3762 521 3838 ὃς
553 3761 582 3826 δ’
615 3764 664 3844 ἄν,
694 3769 751 3829 sed
782 3763 814 3839 ὃς
846 3765 879 3827 δέ
907 3789 940 3827 κε
971 3767 1192 3844 restituemus,
1224 3766 1292 3828 solo

17 3869 126 3927 nostro
149 3867 266 3928 iudicio
290 3867 412 3930 confisi.
438 3869 518 3945 Quid
543 3870 626 3943 quod
650 3885 690 3929 ne
714 3870 887 3943 requiritur
910 3869 1042 3943 quidem
1064 3869 1151 3945 talis,
1176 3870 1205 3930 si
1229 3884 1293 3943 qua

17 3969 77 4045 est,
101 3967 254 4044 audacia;
280 3968 448 4031 sufficiunt
478 3971 564 4031 enim
590 3986 705 4031 versus
728 3971 875 4045 paralleli
899 3972 924 4029 Β
948 3971 1009 4031 391
1036 3971 1070 4031 et
1094 3970 1120 4029 Θ
1144 3971 1185 4031 10
1208 3970 1292 4030 inter

16 4083 51 4130 se
74 4069 201 4132 collati:

149 4172 173 4229 B
198 4172 280 4233 391:
308 4166 344 4231 ὃν
368 4165 454 4231 δέκ’
480 4168 555 4252 ἐγὼν
579 4169 734 4233 ἀπάνευθε
758 4171 852 4253 μάχης
876 4171 1017 4234 ἐθέλοντα
1040 4172 1150 4251 νοήσω,

150 4272 176 4331 Θ
224 4275 281 4334 10:
306 4268 342 4332 ὃν
366 4268 393 4332 δ’
421 4269 466 4332 dv
491 4271 566 4354 ἐγὼν
589 4272 744 4336 ἀπάνευθε
769 4275 863 4355 μάχης
886 4273 1027 4337 ἐθέλοντα
1050 4275 1158 4353 νοήσω.

16 4370 122 4434 Priore
145 4373 214 4435 loco
238 4375 328 4436 solus
350 4376 586 4437 Ambrosianus
608 4379 741 4453 praebet
765 4373 801 4438 ὃν
825 4373 852 4438 δ’
879 4374 928 4455 bv,
950 4378 1052 4440 altero
1076 4374 1114 4437 dv
1134 4379 1293 4454 reperitur

16 4475 97 4548 apud
125 4491 257 4551 omnes;
289 4479 404 4537 neutro
435 4493 511 4538 vero
542 4478 611 4539 loco
644 4480 695 4540 vel
725 4495 783 4554 per
812 4495 914 4540 unum
946 4481 1103 4555 punctum
1135 4480 1292 4555 temporis

16 4576 172 4649 patienter
203 4579 254 4637 est
284 4575 462 4638 ferendum.
496 4577 585 4654 Quod
616 4594 691 4640 vero
725 4579 816 4640 610
846 4580 995 4655 analogia
1026 4581 1106 4642 duce
1132 4582 1290 4655 corrigere
