3120 5124
753 400 794 458 44
1337 397 1365 468 [i
1389 398 1405 457 Ἰ

143 586 241 659 nitur,
264 600 326 644 non
350 585 453 659 poetis
473 586 628 647 debentur
648 587 703 646 sed
726 586 875 662 posterla,
900 601 1004 659 neque
1026 585 1125 658 igitur
1149 585 1227 643 sunt
1249 583 1406 644 ferendas.

143 687 227 746 Nam
251 688 290 747 de
312 686 446 759 syllabis
469 688 644 748 contractis
669 685 700 764 ¹),
724 703 805 761 quas
823 689 856 747 in
876 689 1044 748 nominum
1065 687 1300 758 verborumque
1320 684 1410 745 exitu

144 787 259 847 multis
299 788 377 848 locis
419 790 551 864 praebet
591 792 703 850 textus
739 791 886 865 traditus,
922 788 1080 863 quomodo
1113 788 1158 848 sit
1191 787 1409 862 iudicandum,

142 889 257 949 statim
295 889 493 963 intellegitur
531 893 703 964 postquam
742 892 951 952 observatum
993 893 1044 950 est
1081 888 1325 950 huiusmodi
1360 887 1409 947 di-

141 991 381 1065 phthongos
412 993 477 1052 vel
510 994 692 1069 vocales,
724 995 1020 1055 contractione
1043 993 1304 1068 procreatas,
1328 1004 1409 1064 per·

140 1094 269 1166 petuo
303 1093 344 1153 in
378 1094 490 1154 thesi
525 1096 707 1169 reperiri
741 1111 816 1157 nec
854 1096 941 1156 nisi
979 1097 1074 1156 ante
1109 1093 1411 1154 vocabuluma

144 1194 282 1254 vocali
306 1195 530 1270 incipiens.
555 1196 714 1270 Vulgatus
735 1199 847 1259 textus
871 1198 923 1259 hic
945 1197 1011 1258 illic
1034 1212 1112 1257 sane
1136 1195 1268 1256 exhibet
1288 1193 1410 1254 formas

141 1295 254 1368 quales
286 1298 364 1356 sunt
389 1291 499 1374 Ὀδυσῆ
530 1294 599 1372 ἐμεῦ
634 1298 744 1358 Αἰνείω
769 1295 791 1370 2)
822 1295 985 1382 μετατρέπῃ
1017 1296 1103 1358 ἔπλεο
1134 1293 1291 1374 ἐπεφράσω
1314 1303 1411 1377 πειρᾷ,

142 1397 197 1456 sed
237 1397 266 1456 si
296 1399 476 1472 excipimus
505 1399 720 1474 paucissimos
751 1400 872 1474 aliquot
904 1415 1029 1475 versus,
1058 1400 1119 1459 hac
1148 1399 1220 1472 ipsa
1249 1396 1350 1469 igitur
1372 1395 1410 1455 de

143 1511 241 1557 causa
271 1501 439 1573 suspectos
462 1498 495 1574 ³),
525 1502 646 1561 talibus
677 1504 806 1562 tantum
837 1503 917 1563 locis
940 1517 996 1562 eas
1019 1502 1160 1575 exhibet,
1185 1499 1240 1559 ubi
1264 1497 1410 1571 sequitur

142 1598 278 1658 verbum
302 1615 321 1659 a
345 1601 447 1661 vocali
471 1602 642 1678 incipiens;
668 1604 750 1663 alias
773 1619 905 1665 summa
931 1603 1114 1665 constantia
1141 1600 1258 1662 dicitur
1281 1593 1410 1674 Ὀδυσῆα

142 1696 220 1776 ἐμεῖο
256 1699 378 1761 Αἰνείαο
413 1700 601 1782 peremisset
642 1701 726 1764 ἔπλεο
765 1702 934 1784 {nepotique
970 1703 1112 1782 πειρᾶεοι.
1147 1703 1242 1762 Hunc
1272 1713 1408 1776 morem,

142 1803 178 1861 ut
209 1802 312 1863 semel
342 1806 393 1864 est
423 1807 563 1881 agnitus,
595 1822 691 1867 nemo
722 1807 812 1867 casui
834 1807 963 1882 tribuet,
988 1807 1098 1879 itaque
1126 1805 1187 1864 hoc
1209 1801 1409 1878 propositum

143 1904 235 1964 nobis
258 1904 417 1965 habemus
438 1907 610 1968 dilemma:

187 2007 244 2065 aut
274 2009 386 2080 poetae
418 2008 498 2081 epici
530 2010 793 2085 contractionem,
825 2011 864 2069 ab
896 2025 1008 2070 sorum
1032 2009 1142 2082 lingua
1165 2008 1317 2082 alienam,
1341 2005 1408 2066 tali·

142 2106 203 2165 bus
232 2109 343 2167 tamen
374 2109 455 2168 locis
487 2110 689 2170 admiserunt
717 2112 834 2185 quibus
864 2112 1047 2173 necessaria
1077 2112 1147 2171 erat
1177 2109 1218 2170 ad
1242 2108 1408 2168 elisionem

141 2208 326 2283 vitandam;

186 2313 243 2370 aut
276 2313 460 2372 contractae
488 2312 623 2389 formae,
654 2328 735 2386 quas
765 2315 914 2390 dicimus,
948 2329 1010 2375 non
1041 2313 1145 2387 poetis
1173 2310 1331 2371 debentur
1354 2307 1409 2368 sed

142 2414 254 2484 postea
285 2415 362 2472 sunt
392 2414 539 2474 invectae
565 2415 746 2476 intextum
771 2416 981 2477 Homericum
1005 2431 1046 2476 ex
1068 2414 1204 2475 dialecto
1227 2412 1337 2472 Ionica
1360 2408 1410 2469 vel

143 2514 261 2575 Attica.

185 2615 268 2676 Utra
298 2618 409 2677 autem
431 2618 622 2692 ⁴recipienda
654 2619 697 2678 sit
729 2619 913 2694 propositio,
937 2618 1071 2678 dubium
1095 2632 1168 2677 esse
1190 2614 1313 2690 nequit,
1337 2628 1411 2675 cum

142 2718 347 2778 recordamur
381 2722 493 2792 poetas
527 2721 634 2794 epicos
673 2720 840 2780 elisionem
880 2720 1129 2793 haudquaquam
1161 2717 1320 2790 refugisse
1355 2715 1413 2776 sed

142 2834 273 2904 summa
295 2820 443 2880 libertate
467 2821 649 2897 admisisse,
674 2822 721 2882 ita
744 2824 781 2882 ut
804 2823 875 2882 soni
898 2822 1054 2897 nonnulli,
1078 2821 1133 2894 qui
1156 2819 1240 2894 apud
1264 2819 1412 2893 posteros

143 2920 311 2980 elisionem
353 2937 417 2981 non
458 2923 672 3000 patiebantur,
709 2925 742 2983 in
777 2924 975 2984 carminibus
1009 2921 1192 2982 Homericis
1226 2920 1412 2993 frequenter

141 3022 342 3095 reperiantur
365 3023 446 3099 elisi,
471 3039 498 3084 e.
523 3039 552 3097 g.
578 3047 603 3081 -ι
627 3028 660 3084 et
682 3047 735 3100 -οι,
760 3026 823 3085 vid.
848 3026 865 3094 5
891 3027 941 3085 13.
974 3024 1058 3084 Fieri
1088 3024 1188 3096 igitur
1219 3036 1284 3082 non
1306 3020 1413 3095 potuit

143 3126 181 3182 ut
199 3123 420 3184 duriusculum
441 3125 521 3199 ipsis
535 3126 663 3185 vatibus
676 3127 837 3186 videretur
858 3120 1011 3196 Αἰνεία’(ο)
1032 3125 1083 3184 vel
1100 3117 1261 3198 Ὀδυσῆ’(α)
1283 3122 1412 3198 elisum,

142 3240 246 3298 neque
277 3241 376 3285 causa
406 3227 485 3287 haec
516 3228 656 3288 existere
686 3228 727 3287 iis
757 3229 862 3303 potuit
893 3230 929 3287 ut
960 3228 1082 3288 formas
1114 3226 1307 3300 contractas,
1332 3237 1414 3297 quas

143 3327 285 3399 alioquin
308 3330 506 3404 spernerent,
529 3344 774 3402 nonnumquam
794 3334 905 3390 tamen
925 3330 1119 3404 arriperent;
1142 3329 1243 3388 immo
1256 3341 1312 3400 pro
1326 3327 1414 3387 certo

143 3431 288 3490 statuere
322 3431 398 3491 licet
432 3432 559 3504 ignotas
598 3433 645 3492 eis
681 3433 782 3492 fuisse
815 3433 937 3493 formas
969 3433 1162 3506 contractas,
1201 3429 1262 3488 has
1301 3429 1415 3488 autern

143 3532 324 3592 luculenter
353 3535 469 3593 testari
493 3550 590 3607 quam
615 3536 720 3595 multa
747 3551 788 3594 ex
811 3535 997 3609 posterioris
1021 3534 1093 3594 aevi
1116 3545 1265 3593 sermone
1289 3529 1323 3589 in
1347 3530 1414 3590 tex·

143 3635 215 3693 tum
247 3635 456 3695 Homericum
491 3637 687 3712 irrepserint.
722 3637 853 3698 Codices
880 3652 907 3697 e.
933 3652 962 3710 g.
986 3640 1010 3694 θ
1035 3636 1099 3696 462
1132 3633 1286 3709 praebent
1314 3629 1415 3715 μνήσῃ

144 3732 213 3811 ἐμεῦ
248 3734 290 3795 ὅτι
323 3739 398 3797 etc:
433 3738 535 3811 ipsius
567 3742 679 3812 poetae
711 3740 762 3798 est
792 3736 917 3813 μνήσεαι
948 3740 981 3798 et
1011 3735 1099 3813 ἐμεῖο,
1130 3738 1189 3796 boc
1222 3734 1321 3808 igitur
1345 3733 1415 3794 loco

143 3837 274 3898 dederat
297 3833 394 3915 μνήσέ
422 3834 492 3915 ἐμεῖ’
518 3840 560 3900 ὅτι
584 3845 644 3901 etc.
669 3840 701 3911 δ).
728 3874 768 3884 -
795 3840 839 3901 df.
865 3842 883 3909 ἓ
910 3841 949 3899 13
974 3841 1007 3900 et
1032 3840 1081 3899 16.

150 4001 382 4009 ———....

178 4093 196 4145 ¹)
214 4096 272 4142 Sive
291 4122 321 4131 -
341 4097 410 4156 quod
427 4097 517 4144 eodem
535 4098 602 4144 redit
620 4124 649 4131 -
669 4100 779 4156 synizesi
798 4098 986 4154 contrahendis,
1004 4096 1053 4148 vid.
1072 4098 1086 4155 ᾗ
1105 4099 1128 4143 8.

177 4171 198 4238 2)
217 4176 288 4223 lldde
308 4177 403 4222 formas
421 4191 472 4223 non
490 4181 633 4224 contractas
651 4178 697 4224 sed
714 4193 761 4238 per
775 4179 901 4237 synizesin
919 4176 1094 4237 proferendas,
1114 4175 1199 4235 qualis
1213 4177 1254 4222 est
1273 4174 1416 4252 nqapedtg

177 4251 198 4314 ι)
216 4256 380 4302 Damnandos
398 4260 443 4302 aut
460 4257 624 4314 corrigendos
643 4269 699 4303 esse
717 4258 782 4304 tales
799 4271 897 4314 versus,
916 4269 980 4316 qnos
998 4269 1045 4302 suo
1063 4256 1119 4301 loco
1138 4254 1310 4301 indicabimus
1327 4255 1416 4315 singn-

144 4334 190 4391 los,
208 4348 240 4381 ex
258 4335 314 4381 aliia
332 4338 465 4395 praeterea
482 4336 582 4382 indiciis
600 4337 668 4382 effici
686 4337 759 4383 solet.

176 4411 198 4476 4)
216 4414 245 4459 In
270 4415 333 4474 ipsis
360 4416 491 4462 codicibus
516 4429 603 4462 verum
629 4420 655 4462 et
677 4416 737 4462 alibi
760 4416 870 4461 tralucet
894 4419 920 4461 et
937 4416 986 4460 hoc
1005 4413 1071 4474 loco,
1088 4428 1145 4460 riam
1167 4411 1239 4476 FH',
1258 4416 1341 4461 ustos
1358 4426 1413 4462 om·

144 4492 215 4539 nium
241 4494 339 4553 optimi,
367 4494 488 4540 exhibent
514 4498 582 4549 ὶμεεο.
608 4496 736 4554 Perpetuo
761 4498 846 4540 autom
871 4495 896 4540 in
921 4494 1104 4553 perpendenda
1120 4494 1169 4540 bac
1187 4494 1339 4552 quaestione
1355 4496 1416 4540 ants

144 4571 232 4621 oculos
258 4571 376 4622 habenda
408 4577 448 4619 ast
477 4576 577 4623 vetusta
603 4575 668 4622 ratio
696 4574 833 4634 scribendi,
857 4587 906 4635 qun
929 4573 1051 4631 syllabae,
1075 4586 1140 4635 quae
1165 4571 1300 4621 elidendae
1319 4574 1415 4634 aaut,
