3120 5124
716 428 798 472 XXIX

341 599 447 677 χαλκὸν
473 595 501 658 δ’
528 598 559 658 ἐν
583 598 655 678 πυρὶ
674 595 794 678 ’βάλλεν
817 597 930 677 ἀτειρέα
954 601 1125 676 κασσίτερόν
1148 623 1176 659 τε

341 701 450 778 χρυσόν
475 696 499 760 τ’
527 701 682 780 αἰγλήεντα
705 699 756 760 καλ
780 699 912 780 ἄργυρον

112 802 160 860 ita
191 804 318 875 accepit
349 805 385 862 ut
415 804 555 864 laminas
582 805 663 864 duas
690 819 817 879 aureas,
842 805 921 863 duas
948 805 1112 879 stanneas,
1138 819 1237 864 unam
1263 819 1393 864 aeream

114 918 134 961 a
165 903 312 964 Vulcano
342 905 375 964 in
406 921 508 964 unum
539 906 678 980 clipeum
709 905 899 967 coniunctas
931 919 1003 965 esse
1027 907 1172 979 putaret;
1198 904 1275 966 licet
1297 905 1391 979 clipei

113 1005 227 1081 πτύχας
251 1008 390 1078 quatuor
412 1023 430 1068 e
453 1008 538 1068 corio
561 1002 579 1076 ¹)
604 1010 670 1082 aut,
694 1008 722 1066 si
747 1009 870 1066 corium
890 1006 1063 1066 Mulcibero
1084 1011 1212 1080 praesto
1233 1007 1388 1083 nonfuit,

116 1122 158 1165 ex
181 1121 255 1166 aere
278 1106 453 1168 fabricatas
473 1125 556 1183 esse,
576 1111 725 1181 quintam
746 1111 858 1168 autem
879 1108 931 1167 his
952 1107 1109 1167 laminam
1131 1123 1265 1168 auream
1284 1123 1391 1182 super·

115 1208 285 1268 inductam
304 1211 338 1270 et
357 1214 490 1284 argento
510 1214 627 1271 stanno
646 1211 718 1270 aliis
738 1209 898 1270 coloribus
918 1211 1110 1269 exornatam
1130 1225 1203 1269 esse
1222 1225 1296 1268 cum
1309 1209 1391 1270 ratio

116 1310 201 1369 ferat
224 1312 294 1369 tum
319 1313 389 1386 ipse
411 1315 506 1386 poeta
530 1313 643 1373 doceat
668 1314 697 1370 Φ
725 1314 797 1372 165.

162 1412 276 1484 Itaque
300 1413 351 1473 hic
373 1415 459 1474 certe
482 1416 629 1488 quatuor,
654 1414 793 1473 fortasse
816 1413 956 1486 quinque
982 1410 1031 1472 vel
1056 1412 1157 1472 etiam
1181 1428 1241 1473 sex
1265 1416 1391 1475 aetates

116 1514 200 1572 artis
219 1514 328 1588 epicae
347 1516 571 1589 agnoscimus;
593 1530 731 1588 quarum
751 1515 891 1587 primam
910 1513 1048 1573 fortasse
1066 1529 1139 1573 eam
1159 1529 1232 1574 esse
1248 1516 1390 1575 statuen-

117 1616 195 1674 dam
225 1629 289 1687 qua
318 1616 473 1677 Achilleis
504 1618 573 1677 sine
605 1615 752 1676 Patroclo
783 1618 920 1691 extaret,
952 1630 1050 1688 supra
1070 1614 1228 1690 vidimus;
1250 1618 1391 1677 secunda

117 1718 170 1775 est
193 1731 232 1775 ea
259 1731 322 1788 qua
345 1733 474 1778 carmen
500 1718 539 1778 de
561 1718 697 1779 Achillis
720 1718 769 1778 ira
792 1720 908 1777 natum
930 1720 991 1791 est,
1016 1716 1114 1776 tertia
1139 1732 1203 1789 qua
1226 1733 1392 1778 armorum

117 1817 314 1890 permutatio
341 1819 373 1877 in
405 1819 607 1880 Patrocleam
638 1821 688 1879 est
719 1820 858 1893 invecta,
890 1819 1005 1891 quarta
1043 1833 1107 1890 qua
1138 1833 1223 1878 nova
1247 1833 1339 1879 arma
1373 1834 1393 1878 a

117 1918 262 1979 Vulcano
284 1920 399 1993 petivit
422 1921 549 1997 Thetis;
575 1923 687 1995 quinta
711 1922 833 1995 peperit
856 1920 992 1981 Achillis
1015 1936 1092 1981 cum
1114 1920 1225 1980 Aenea
1247 1936 1389 1995 pugnam

116 2020 328 2096 singularem,
360 2023 392 2081 et
423 2023 561 2084 tortasse
593 2025 688 2084 sexta
718 2024 850 2083 demum
884 2022 982 2082 edidit
1008 2037 1149 2082 emonem
1175 2037 1272 2095 quem
1296 2024 1391 2082 modo

118 2122 316 2182 notavimus.

163 2222 253 2297 Quae
282 2226 393 2284 autem
424 2227 581 2287 hactenus
611 2227 780 2301 tetigimus
809 2227 1031 2287 additamenta
1055 2226 1234 2299 composita
1258 2242 1330 2287 esse
1354 2242 1391 2288 eo

117 2324 252 2385 consilio
275 2328 313 2385 ut
332 2329 467 2388 carmini
487 2329 526 2388 de
546 2329 683 2388 Achillis
706 2329 755 2388 ira
777 2328 1006 2401 insererentur,
1030 2329 1088 2386 aut
1110 2330 1235 2388 certum
1259 2330 1311 2388 est
1334 2330 1392 2388 aut

116 2440 220 2499 paene
251 2429 387 2488 certum.
418 2429 484 2490 Nec
507 2432 619 2490 tamen
641 2430 759 2490 desunt
780 2430 1044 2504 interpolationes
1068 2428 1245 2502 dequibus
1268 2431 1389 2489 contra·

121 2527 208 2587 rium
244 2529 341 2589 valet.
376 2530 516 2591 Navium
559 2532 629 2592 dico
668 2531 896 2605 copiarumque
930 2530 1125 2591 Graecarum
1159 2533 1390 2608 recensionem,

124 2643 208 2702 quae
238 2630 270 2688 in
302 2630 382 2690 libro
413 2634 438 2690 Β
467 2632 585 2707 legitur
617 2649 664 2693 vs.
689 2633 881 2706 494-7593
917 2632 1000 2692 hanc
1031 2633 1118 2693 enim
1141 2634 1317 2709 contextui,
1341 2635 1393 2694 cui

123 2746 208 2790 nunc
238 2733 401 2808 adhaeret,
432 2734 471 2794 ab
501 2735 592 2795 initio
623 2749 688 2794 uon
718 2733 819 2793 tuisse
850 2732 1057 2809 destinatam,
1090 2736 1164 2809 post
1194 2734 1274 2794 alios
1298 2737 1392 2796 acute

121 2834 287 2906 perspexit
309 2834 423 2908 Bergk.
447 2836 516 2896 Non
541 2837 574 2897 in
597 2836 730 2896 Troadis
753 2835 886 2910 planitie
910 2837 1022 2910 aptum
1045 2836 1144 2896 habet
1161 2837 1268 2897 locum
1288 2852 1391 2911 neque

122 2949 206 2994 nono
225 2935 300 2995 belli
325 2951 418 3012 anno,
442 2940 613 3012 postquam
641 2937 774 2997 navium
798 2937 893 3011 longo
917 2937 982 2997 otio
1004 2937 1223 2998 fatiscentium
1253 2939 1391 3013 ,trabes-

121 3051 185 3108 que
214 3039 325 3110 putres
355 3039 515 3112 lacerique
545 3041 717 3101 rudentes”
749 3041 826 3099 sunt
852 3039 943 3114 tacti,
975 3039 1031 3099 sed
1054 3041 1195 3113 pingitur
1218 3040 1334 3100 classis
1357 3040 1390 3099 in

122 3139 249 3199 Aulidis
268 3142 397 3214 portum
416 3142 456 3201 ab
475 3142 597 3202 Atridis
618 3142 752 3202 collecta
771 3143 805 3201 et
816 3142 877 3200 iter
889 3141 1101 3214 longinquum
1113 3142 1248 3202 iamiam
1263 3158 1391 3216 suscep·

120 3241 205 3299 tura.
237 3241 330 3302 Hanc
361 3243 401 3303 ob
431 3257 564 3304 causam
595 3243 692 3319 primi
718 3244 1015 3303 commemorantur
1038 3243 1162 3303 Boeotii
1183 3242 1221 3317 ²);
1246 3245 1328 3303 hanc
1351 3244 1390 3303 ob

120 3357 256 3402 causam
288 3344 327 3403 de
350 3345 518 3420 militibus,
542 3346 596 3418 qui
620 3344 765 3418 singulos
792 3343 889 3403 duces
913 3346 1101 3419 sequuntur,
1124 3346 1157 3405 et
1180 3345 1219 3404 de
1242 3344 1391 3420 navibus,

120 3459 203 3516 quas
233 3459 389 3520 occupare
419 3447 579 3522 dicuntur,
611 3445 800 3520 imperfecta
831 3440 947 3518 ἕποντο,
975 3442 1096 3522 ἔβαινον
1118 3445 1183 3506 alia
1206 3447 1391 3506 constanter

119 3548 335 3622 usurpantur;
360 3547 509 3623 exemplo
533 3548 599 3607 sint
622 3562 736 3607 versus
760 3547 824 3606 509
846 3561 913 3620 sq:

344 3658 402 3709 τῶν
425 3645 479 3724 μὲν
502 3647 684 3725 πεντήκοντα
706 3645 770 3718 νέες
790 3641 877 3723 ’aloc5
899 3644 930 3705 ἐν
955 3642 986 3706 δὲ
1011 3646 1140 3730 fanetum]

341 3759 445 3829 κοῦροι
469 3752 605 3809 Βοιωτῶν
628 3745 732 3808 ἑκατὸν
754 3744 804 3806 καὶ
826 3741 938 3806 feluoo’
962 3745 1093 3826 ἔβαινον.

118 3851 212 3911 Hanc
235 3851 276 3911 ob
299 3866 431 3912 causam
450 3852 536 3911 inter
555 3851 653 3911 duces
672 3851 969 3910 commemorantur
988 3851 1086 3910 etiam
1109 3851 1314 3926 Philoctetes,
1336 3853 1389 3924 qui

116 3968 197 4013 mox
220 3953 255 4011 in
287 3953 409 4013 Lemno
432 3951 536 4013 insula
560 3952 693 4012 relictus
712 3953 772 4024 est,
793 3950 1001 4026 Protesilaus
1022 3954 1076 4025 qui
1096 3953 1129 4011 in
1149 3952 1261 4013 Troiae
1281 3954 1389 4014 littore

114 4056 223 4130 primo
255 4054 450 4121 Graecorum
481 4055 623 4115 adventu
655 4054 780 4114 occisus
813 4055 872 4127 est,
904 4053 1057 4132 Achilles,
1089 4054 1143 4125 qui
1173 4059 1246 4128 post
1276 4071 1389 4129 regum

192 4195 220 4201 ...ι-
230 4194 315 4201 -—-—

149 4264 167 4327 ¹)
188 4265 228 4312 Gi.
250 4269 275 4310 Η
292 4265 341 4310 iao
361 4270 380 4309 ο
398 4265 444 4311 tia
462 4260 491 4326 (χ
512 4263 577 4323 lia).

145 4341 167 4406 λ)
185 4344 218 4390 In
246 4345 305 4403 ipsa
331 4343 435 4389 Boeotia
458 4346 544 4389 natum
571 4356 628 4389 ease
651 4344 804 4401 catalogum.
827 4345 853 4389 et
874 4343 1060 4401 huncquoque
1078 4355 1179 4389 causam
1198 4344 1308 4390 movisse
1326 4358 1387 4403 poe·

109 4432 164 4471 tam
183 4426 215 4470 nt
223 4422 340 4470 Boeotiis
354 4423 464 4481 primum
479 4423 562 4469 locum
581 4424 731 4481 assignaret,
749 4425 801 4469 vari
819 4426 859 4469 est
875 4423 966 4469 simile.
984 4422 1054 4467 Alias
1068 4434 1160 4467 causas
1175 4425 1312 4470 commenti
1326 4428 1387 4470 aunt

110 4509 217 4552 veteres
243 4501 365 4561 quidam
392 4515 441 4548 non
465 4502 562 4548 sufficit
587 4502 658 4560 quod
682 4501 853 4548 contendebat
878 4501 1048 4553 Aristarchus,
1072 4503 1174 4559 poetam
1201 4515 1261 4549 casu
1286 4502 1318 4548 ab
1339 4503 1388 4549 hac

108 4587 219 4645 regione
239 4580 394 4629 recensendi
410 4581 509 4628 initium
528 4582 629 4641 fecisse,
646 4582 696 4628 vid.
714 4581 793 4628 schol.
814 4586 834 4627 B
851 4582 909 4627 494.
