3120 5124
875 400 938 464 180

317 589 1404 671 -ἕέός1οε11ς1Α5331420,687Μ28οΡ193Σ451β

270 722 290 776 η
304 701 345 774 ,7,
372 698 433 758 196
458 690 498 772 (t)
523 697 547 752 θ
571 695 645 753 524.
670 693 715 753 Gi.
736 694 755 762 ἓ
775 694 827 753 95.
842 693 955 754 -Sed
975 693 1055 753 locis
1074 694 1147 768 plus
1170 692 1404 767 quinquaginta

270 806 339 864 tem
371 799 543 861 evanuisse
574 795 660 855 claro
690 795 832 855 ostendit
862 797 1015 870 metrum,
1047 795 1180 867 reliquis
1211 791 1358 871 (triginta
1388 791 1418 852 fe

271 904 310 964 ad
333 902 491 975 liquidum
515 897 645 973 perduci
668 896 788 968 nequit.

305 1003 459 1076 vestigia
493 1000 621 1060 litterae
652 998 758 1071 sigma
795 999 970 1058 ostendunt
1000 998 1100 1058 etiam
1130 997 1202 1083 loci,
1235 997 1289 1056 ubi
1323 998 1400 1056 ante

270 1106 430 1180 syllabam
446 1103 543 1163 huius
562 1099 740 1176 possessivi
759 1099 898 1159 formam
918 1097 974 1169 1ός
996 1095 1087 1174 (olim
1110 1082 1196 1176 ride)
1217 1099 1403 1173 producitur

269 1208 388 1282 brevis,
412 1222 439 1266 e.
463 1219 493 1278 g.
510 1197 668 1281 ,θυγατέρα
691 1198 753 1276 ἑήν
777 1202 891 1259 11371
918 1202 943 1257 Ζ
969 1201 1029 1259 192
1055 1205 1086 1258 Λ
1111 1201 1174 1261 226
1200 1201 1233 1258 Ν
1255 1201 1330 1259 aio.

273 1411 275 1444 3
318 1362 348 1419 4.
372 1354 433 1416 ἕπεο
457 1350 560 1432 (otuu)
585 1355 618 1412 et
640 1347 834 1429 ἀμφκ(σ)ε’πω,
855 1347 963 1428 ἕπομαι
987 1348 1129 1427 (sequor).
1156 1350 1201 1411 cf.
1225 1351 1243 1419 ἓ
1267 1351 1342 1411 247.

318 1458 347 1570 i).
372 1504 481 1586 ἕρματα
503 1500 655 1583 (dippum)
680 1499 708 1567 Ξ
730 1503 802 1562 182.
829 1502 873 1563 Ol.
898 1503 916 1571 ἓ
940 1503 1014 1562 277.
1041 1518 1046 1532 ·

267 1640 269 1650 ’
319 1664 348 1721 e.
374 1656 429 1737 ἔχω
453 1652 550 1735 (δίχα)
576 1657 603 1712 n
629 1635 691 1714 rea
718 1654 743 1712 e
768 1655 831 1714 aee
845 1652 885 1730 u)
909 1655 938 1712 rr
962 1655 1026 1714 aar
1049 1655 1080 1710 Σ
1103 1655 1167 1714 sao
1181 1652 1219 1730 (1)
1246 1654 1335 1715 rie
1360 1653 1417 1710 rr÷

319 1762 426 1820 Etiam
461 1758 639 1831 composita
672 1755 827 1816 nonnulla
862 1757 895 1815 et
929 1755 1075 1815 derivata
1105 1755 1187 1816 satis
1220 1755 1381 1828 integram
1411 1768 1417 1810 r

275 1865 402 1923 litterae
422 1861 528 1932 sigma
547 1857 757 1917 memoriam:
779 1854 933 1935 ὑπείρεχον
953 1851 1150 1933 (ὑπέρτερον),
1168 1851 1324 1933 ὑπείροχος
1349 1850 1417 1931 (δαί

270 1959 446 2041 Ὑπείροχος,
465 1955 666 2036 Ἕτειροχίδης
690 1959 720 2033 (ἓ
744 1958 831 2034 315),
855 1953 968 2040 παρέχῃ
992 1954 1186 2040 (deprimit
1201 1959 1274 2032 113,
1299 1953 1417 2035 συννεχί

265 2061 366 2143 unffi)
392 2065 433 2122 Μ
453 2063 494 2122 26
518 2063 605 2134 afli„
630 2056 714 2138 βὲλός
736 2056 887 2138 ἕχεκεακὲς
912 2063 940 2118 Α
964 2062 1003 2119 51
1030 2063 1057 2118 Δ
1083 2061 1144 2119 129
1166 2056 1341 2137 (118451),
1362 2079 1417 2117 κατ

274 2189 284 2226 ι
312 2168 373 2227 122
398 2164 431 2242 ¹).
460 2165 611 2224 Fortasse
643 2162 742 2221 etiam
774 2162 883 2222 hiatus
914 2159 957 2220 ὅτι
978 2157 1109 2240 Ἕκτορα
1132 2160 1165 2220 Ω
1190 2163 1253 2221 593
1277 2162 1353 2222 hinc
1376 2175 1417 2221 es·

275 2270 407 2344 sandus,
438 2267 466 2325 si
497 2265 627 2338 quidem
651 2264 800 2323 Hectoris
823 2278 941 2323 nornen
964 2278 984 2322 a
1007 2263 1113 2324 radice
1136 2278 1198 2341 σεχ-
1222 2264 1356 2323 ductum
1378 2277 1417 2322 es

274 2373 386 2430 tamen
420 2367 499 2427 locis
532 2365 704 2440 permultis
737 2364 863 2424 nullum
898 2366 1025 2426 litterae
1056 2365 1162 2439 sigma
1192 2365 1369 2438 vestigium
1399 2380 1417 2425 s

274 2471 334 2533 hoc
356 2484 476 2531 nomen
498 2468 672 2542 proprium.

270 2602 274 2615 ’
308 2622 349 2681 ’1.
381 2621 489 2680 Etiam
520 2611 691 2695 μεταϊζέμεν’
725 2637 747 2675 κ
779 2619 842 2678 362
867 2618 929 2678 huc
953 2620 1040 2678 esset
1062 2618 1277 2694 referendum,
1301 2619 1330 2679 si
1353 2633 1417 2678 san.

275 2724 370 2784 lectio
392 2721 527 2794 tradita;
553 2719 609 2779 sed
632 2734 808 2793 pronomen
832 2720 991 2781 excidisse
1014 2717 1080 2798 (σφι
1109 2715 1284 2798 μεθιζίμειί)
1306 2722 1363 2781 aut
1383 2717 1417 2792 ΐζί

274 2810 446 2909 legendum
478 2837 550 2882 esse
577 2821 646 2880 veri
668 2821 795 2881 videtur
818 2821 968 2882 similius.
992 2822 1098 2883 Etiam
1123 2823 1234 2883 hiatus
1256 2821 1312 2881 ίδα
1335 2814 1405 2882 ἆλτο

274 2926 397 2986 inserta
426 2923 536 2983 littera
567 2920 584 2980 δ
615 2916 713 2999 (ἅλαδ’
748 2915 828 3000 ἆλτο)
862 2924 1039 2998 explendus
1068 2939 1141 2984 esse
1165 2926 1292 2985 ridetur
1314 2925 1417 3001 potius

275 3043 316 3087 ex
339 3011 448 3111 littera
471 3022 587 3083 initiali
610 3023 727 3083 radicis
750 3027 817 3103 σαλ-
840 3025 933 3084 salire
957 3023 987 3101 (ᾖ
1012 3024 1087 3103 150)
1113 3026 1331 3101 explicandus.

261 3235 265 3242 ·
317 3221 418 3305 itte.
441 3224 530 3299 Quod
551 3224 586 3284 in
609 3226 810 3298 praecedenti
834 3226 851 3294 ἓ
876 3227 1064 3302 statuimus,
1088 3226 1260 3287 nonnullas
1291 3227 1417 3287 radices

274 3343 371 3388 suum
402 3326 525 3386 initiale
556 3328 631 3385 ante
662 3327 792 3400 tempus
823 3326 1033 3387 Homericum
1068 3328 1230 3404 amisisse,
1262 3328 1314 3388 hic
1337 3327 1403 3388 illic

266 3431 507 3496 'intermortuae
537 3429 691 3503 spirantis
720 3440 875 3504 apparere
906 3431 1053 3504 vestigia,
1087 3445 1126 3490 ea
1155 3431 1261 3504 opinio
1284 3430 1413 3511 egregie

275 3534 385 3592 matur
415 3532 444 3591 si
475 3530 670 3591 conferimus
702 3546 798 3593 voces
830 3535 1014 3608 sequentes,
1039 3547 1121 3606 quae
1146 3532 1178 3592 in
1202 3533 1297 3592 textu
1320 3531 1418 3591 tradit

265 3650 347 3697 ‘ram
370 3650 401 3692 σ-
423 3634 518 3692 modo
542 3634 674 3692 servant
697 3633 792 3695 modo
816 3634 974 3694 abiciunt:

264 3796 282 3810 -.
321 3738 362 3799 l..
381 3732 520 3810 σκίδνημι
539 3767 583 3774 -
602 3731 751 3810 ἐκέδασσε,
778 3734 924 3812 κίδναται,
954 3731 1099 3811 ἐκίδνατο,
1133 3732 1304 3810 ἐκέδασθεν,
1337 3732 1417 3793 neda<

271 3832 475 3909 κεδασθέντες,
507 3837 547 3896 ci.
578 3836 595 3904 ἓ
627 3837 701 3896 301.
739 3836 913 3910 Pleraeque
948 3837 1082 3912 formae,
1114 3852 1134 3897 a
1165 3837 1281 3910 quibus
1312 3836 1407 3897 abest

270 3940 386 4014 sigma,
416 3939 521 3997 metro
545 3938 690 4011 adaptari
713 3954 775 3998 non
799 3941 948 4012 poterant
971 3940 1033 3998 nisi
1059 3939 1186 4013 spirans
1208 3938 1264 3998 illa
1288 3937 1417 3997 initialis

264 4042 415 4114 ¹gerstun
440 4039 472 4097 in
497 4038 610 4108 formis
634 4035 769 4098 ἐκίδνατο
793 4042 826 4100 et
849 4039 985 4098 κίδναται
1008 4042 1119 4100 tamen
1143 4056 1207 4100 non
1230 4039 1319 4100 valet
1342 4039 1417 4100 haec

271 4126 363 4202 candi
398 4141 491 4215 ratic,
527 4140 611 4200 unde
643 4143 776 4215 apparet
808 4142 944 4201 verbum
977 4138 1142 4219 (σ)κίδνημν
1175 4156 1238 4202 non
1270 4155 1343 4201 esse
1375 4141 1409 4201 in

265 4242 492 4304 coniciendum
516 4253 590 4302 cum
617 4243 748 4302 vocibus
771 4242 971 4322 Σκάμανδρος
991 4246 1069 4336 eto,
1094 4259 1176 4317 quas
1200 4244 1232 4303 in
1256 4243 1274 4310 ἓ
1295 4242 1336 4301 28
1361 4244 1417 4302 atti

266 4492 269 4501 ¹
304 4499 324 4565 ¹)
342 4501 451 4560 Vogrinz
473 4501 547 4547 Hom.
571 4501 684 4547 Gramm.
709 4513 733 4559 p.
752 4502 783 4547 89
807 4502 943 4561 proposuit
968 4505 1129 4561 καταιίοχιται
1147 4501 1205 4548 coll.
1224 4489 1364 4564 καταιβοτής
1384 4509 1417 4547 ν’

271 4582 286 4640 ς
308 4578 376 4644 315).
