3120 5124
786 418 867 462 xxv1

193 587 322 647 Primus
356 591 451 663 poeta
484 589 573 650 fossa
607 593 737 650 tantum
772 591 811 651 ab
847 591 995 651 hostibus
1029 591 1156 650 tutatus
1188 591 1238 650 est
1268 590 1462 662 Argivorum

191 691 308 750 castra.
353 690 479 752 Sufficit
520 692 640 752 allatus
682 692 772 752 locus
808 695 841 750 ll
869 695 933 752 366
968 706 1037 765 sqq.
1073 691 1111 751 de
1146 693 1231 751 retro
1266 691 1464 765 fugientibus

192 791 355 854 Troianis:

837 893 968 972 Ἕκτορα
993 889 1020 953 δ’
1047 893 1131 954 ἵπποι

415 996 542 1076 ἔκφερον
565 996 719 1070 ὠκύποδες
742 998 799 1058 σὺν
822 998 942 1076 τεύχεσι,
961 992 1053 1057 ’λεῖπε
1077 992 1109 1056 tl
1131 994 1204 1056 λαὸν

419 1099 562 1178 Τρωικὸν,
584 1099 637 1173 οὓς
660 1098 824 1172 ἀώέκοντας
848 1097 957 1178 ὀρυκτὴ
980 1098 1092 1177 τάφρος
1115 1096 1207 1176 ἔρυκε,

413 1205 530 1261 πολλῶν
554 1198 582 1262 δ’
610 1200 642 1262 ἐν
666 1201 769 1286 τάφρῳ
791 1202 1012 1280 ἕερνσάρματες
1036 1196 1123 1270 ὠκέες
1146 1198 1231 1280 ἵπποι

412 1297 531 1373 ,λάξανδ
557 1300 589 1361 ἐν
612 1301 717 1384 πρώτῳ
741 1300 825 1383 ῥυμῷ
845 1295 944 1361 ’λίπον
964 1300 1043 1378 ἅρμα
1066 1299 1233 1360 ώανάκτων.
1256 1306 1276 1363 'l

192 1402 337 1477 Fossam,
370 1417 432 1462 non
464 1403 551 1464 celsa
582 1406 719 1479 moenia,
764 1404 913 1465 Hectoris
948 1405 1040 1478 bigae
1074 1404 1162 1463 saltu
1196 1402 1319 1476 ingenti
1356 1417 1462 1475 super·

192 1504 297 1563 arunt.
318 1499 340 1573 ²)

233 1604 300 1664 Nec
332 1620 394 1665 non
430 1607 645 1668 demonstrari
678 1609 786 1682 potest
820 1608 961 1668 alienam
996 1623 1015 1666 a
1047 1605 1142 1680 primi
1180 1607 1293 1678 poetae
1329 1603 1463 1664 consilio

190 1705 291 1765 fuisse
314 1721 480 1766 armorum
503 1709 785 1783 permutationem,
821 1724 903 1781 quae
927 1707 1068 1767 nuncin
1091 1707 1164 1766 libri
1188 1708 1222 1764 Π
1242 1706 1334 1767 initio
1358 1720 1464 1766 narra·

191 1811 260 1880 tur;
296 1809 514 1869 necessariam
549 1813 660 1870 autem
697 1810 749 1870 vel
785 1811 886 1870 etiam
917 1809 1031 1869 utilem
1063 1808 1165 1868 fuisse
1199 1807 1353 1868 carminis
1373 1821 1463 1881 argn-

192 1909 302 1968 mento
333 1924 429 1970 nemo
460 1911 641 1971 contendet.
674 1910 770 1970 Δύοεο
802 1909 903 1986 τεύχεα
933 1914 1060 1980 θᾶσσον,
1089 1909 1194 1970 amico
1218 1909 1296 1969 dicit
1321 1908 1465 1970 Achilles

144 2052 148 2059 .
194 2024 241 2068 vs.
268 2011 340 2084 129,
373 2026 456 2084 quae
487 2012 585 2072 verba
618 2027 673 2087 per
703 2028 739 2072 se
763 2012 910 2086 spectata
932 2011 1011 2071 nihil
1036 2013 1172 2086 possunt
1195 2009 1377 2084 significare
1400 2010 1463 2070 nisi

196 2126 307 2187 „arma
336 2115 393 2171 tua
423 2112 551 2173 indue''.
584 2115 739 2173 Armatur
771 2113 947 2188 Patroclus
979 2113 1073 2186 idque
1102 2111 1293 2172 describitur
1318 2111 1464 2171 versibus

193 2212 247 2285 qui
272 2212 351 2272 nihil
375 2214 495 2274 habent
517 2214 648 2291 insoliti,
674 2216 737 2275 nlsi
762 2215 845 2288 quod
869 2217 942 2290 post
966 2214 1063 2275 verba

459 2315 597 2394 δεύτερον
620 2306 658 2375 αδ
682 2314 808 2394 θώρηκα
832 2312 899 2393 περλ
922 2315 1082 2391 στήθεσσιν
1105 2312 1191 2374 ἔδυνε

195 2416 340 2489 sequitur
364 2432 494 2478 versus:

462 2520 596 2579 ποικίλον
619 2517 791 2596 ἀστερόεντα
814 2518 965 2590 ποδώκεος
989 2518 1144 2579 Αἰακίδαο.

196 2620 290 2681 Hunc
320 2620 413 2681 deme
445 2637 462 2681 e
493 2623 658 2696 contextu,
690 2624 723 2682 et
753 2621 862 2681 nullus
892 2623 932 2681 de
955 2621 1080 2682 Achille
1104 2635 1197 2681 arma
1219 2635 1293 2680 cum
1319 2619 1466 2680 Patroclo

196 2723 394 2795 permutanti
424 2723 485 2783 hoc
514 2724 583 2784 loco
606 2724 668 2783 erit
691 2738 809 2784 sermo.
834 2723 977 2783 Affertur
1000 2725 1110 2783 autem
1134 2722 1231 2781 huius
1254 2735 1370 2781 versus
1389 2720 1411 2780 l.
1435 2735 1464 2779 a.

196 2831 296 2881 κακῶν
326 2821 434 2902 βελέων
466 2822 609 2901 ἀλεωρήν,
639 2840 738 2898 quam
769 2826 801 2885 in
834 2840 893 2885 suo
925 2825 1066 2885 Homero
1097 2825 1214 2898 legisse
1246 2823 1372 2883 videtur
1397 2823 1465 2883 Ari·

196 2926 370 2999 stophanes
391 2926 544 3001 comicae,
566 2941 662 2999 quem
683 2926 755 2986 vide
779 2925 874 3000 Vesp.
889 2942 936 2986 vs.
962 2928 1036 3000 airu
1060 2928 1108 2989 sic
1130 2941 1257 3000 quoque
1275 2926 1313 2986 de
1331 2925 1466 2986 Achillis

232 3218 250 3282 ¹)
274 3222 329 3269 vid.
355 3222 431 3268 etiam
458 3225 480 3267 A
504 3222 543 3268 48.
567 3222 618 3270 Sed
641 3224 736 3270 irnstra
765 3223 869 3282 quidam
889 3228 966 3270 -et
989 3237 1035 3270 nos
1058 3223 1166 3271 antehac
1186 3250 1218 3259 -
1236 3222 1287 3269 huo
1313 3219 1467 3268 rettulerunt

157 3341 161 3349 .
196 3301 282 3348 locum
302 3307 321 3347 ο
339 3302 386 3348 ’185
405 3315 451 3360 sq.‚
469 3301 515 3347 nbi
532 3301 627 3348 milites
644 3303 682 3348 sic
699 3303 816 3362 increpat
832 3304 906 3349 Aiax:

531 3382 553 3439 δι’
570 3385 633 3435 τινάς
649 3399 726 3442 φαμεν
741 3382 818 3440 ἔμμην’
837 3385 984 3447 ἀοσσητῆρας
1001 3385 1098 3435 ὀπίσσω,

533 3461 555 3518 ἠὲ
573 3476 594 3506 τι
612 3469 689 3519 τεῖχος
704 3461 788 3524 ἄρειον,
807 3462 820 3507 δ
837 3461 856 3507 κ’
876 3461 975 3524 ἀνδράσι
992 3463 1069 3519 λοιγδν
1086 3464 1184 3519 δμύναι;

195 3552 287 3584 marum
308 3536 452 3585 Mavortiam
470 3540 639 3598 interpretati,
658 3543 760 3599 poetam
779 3543 874 3600 auum,
893 3542 938 3598 qui
955 3540 1020 3587 huso
1037 3541 1115 3587 verba
1133 3540 1203 3587 Aiaci
1220 3539 1348 3599 tribuerit,
1366 3537 1467 3586 nullum

196 3621 255 3665 ante
278 3621 360 3664 castra
384 3631 485 3665 murum
511 3619 611 3664 novisse
634 3619 693 3665 inde
717 3619 867 3666 efficientes.
892 3621 924 3665 At
943 3622 1011 3666 recte
1029 3620 1176 3667 observavit
1193 3632 1241 3665 ran
1259 3618 1423 3678 Hsrwerden,
1441 3616 1467 3663 id

197 3698 233 3744 sic
257 3697 360 3744 demum
385 3697 508 3743 credibile
530 3711 586 3744 esse
603 3699 624 3743 si
645 3699 712 3745 hunc
730 3699 815 3745 locum
835 3699 886 3744 rati
903 3700 1017 3745 omnium
1036 3699 1211 3745 vetustissimo
1230 3697 1383 3753 tribuamus,
1399 3696 1468 3744 hunc

198 3791 257 3823 vero
274 3791 324 3824 non
337 3777 430 3839 Ἆραον
447 3776 493 3823 sed
511 3780 602 3838 Ἀρήιον
619 3777 748 3825 dicturum
767 3778 854 3824 inisse.
873 3778 964 3836 Itaque
981 3779 1058 3841 ἄρειον
1073 3775 1290 3839 praestantium
1307 3779 1372 3824 733
1391 3779 1404 3831 ζ
1421 3778 1468 3823 lta

197 3868 219 3915 ρ
242 3856 301 3916 ²86)
327 3869 385 3902 cum
411 3855 491 3902 schol.
524 3855 721 3916 Vinterpretari
745 3857 825 3903 satius
843 3861 890 3903 est.
909 3858 945 3903 De
966 3870 1041 3903 versu
1060 3869 1120 3904 vero
1138 3860 1159 3902 A
1178 3858 1226 3903 407
1245 3857 1311 3903 sitne
1329 3856 1398 3903 idem
1416 3859 1467 3903 sta·

198 3936 331 3995 tuendum,
345 3936 409 3981 haec
428 3935 545 3994 quaestio
562 3936 588 3981 in
608 3936 693 3982 medio
703 3950 771 3983 nuno
786 3936 876 3984 relicta
890 3940 953 3997 esto,
971 3937 1126 3997 aproposito
1140 3937 1208 3983 enim
1223 3940 1310 3983 nostro
1324 3935 1407 3982 aliena
1422 3938 1469 3983 est.

230 4010 250 4077 ⁹)
269 4016 343 4062 Mitto
369 4029 444 4073 nnnc,
469 4017 589 4075 ‹laoniam
616 4018 679 4063 satis
704 4018 839 4077 psrspiuue
865 4019 942 4075 atque
968 4021 1086 4063 accurate
1111 4016 1174 4063 haec
1202 4029 1243 4062 res
1269 4016 1359 4075 paucis
1383 4015 1469 4062 verbis

198 4095 368 4141 demonstrari
393 4095 491 4156 nequit,
517 4095 701 4142 Scamandrum
729 4095 804 4142 modo
830 4109 845 4141 a
868 4096 971 4141 sinistra
994 4095 1069 4142 modo
1092 4088 1106 4141 a
1127 4095 1217 4141 dextra
1235 4098 1377 4141 castrorum
1395 4097 1468 4154 parte

198 4176 328 4230 fluentem,
353 4174 429 4221 modo
456 4175 513 4221 urbi
538 4177 683 4235 proximum
706 4176 782 4222 modo
805 4175 864 4221 inde
888 4179 1024 4229 rsrnotnm,
1051 4174 1127 4219 modo
1154 4175 1277 4220 Troianos
1304 4172 1337 4219 ab
1366 4173 1470 4219 Achivis

198 4255 353 4301 dividentem
379 4255 455 4300 modo
473 4269 487 4301 s
505 4256 613 4314 planitie
631 4256 675 4301 ubi
697 4269 785 4314 pugna
803 4256 832 4299 iit
850 4254 993 4300 evanlidurn.
1015 4255 1175 4312 Quamquam
1196 4254 1256 4299 hino
1274 4266 1377 4311 qnoque
1394 4265 1469 4310 argu-

199 4337 284 4381 menta
302 4334 406 4380 minime
424 4334 520 4381 debilia
536 4342 644 4395 possunt
661 4334 762 4392 deduci,
779 4348 829 4380 non
848 4335 916 4380 onim
935 4334 1030 4380 talibus
1048 4335 1074 4379 in
1089 4334 1166 4380 rebus
1181 4333 1231 4379 sihi
1245 4346 1336 4392 parum
1352 4335 1469 4378 constare

197 4414 264 4459 solet
280 4416 357 4472 poeta
374 4413 448 4460 cuins
465 4414 545 4459 menti
562 4426 604 4459 res
621 4426 685 4471 quas
703 4413 785 4472 pingit
803 4412 887 4458 claruo
905 4416 982 4471 utque
1001 4412 1101 4459 viridas
1118 4412 1294 4458 obversentur.
1311 4410 1369 4456 vid.
1384 4410 1470 4456 (ihr-ist

199 4493 240 4540 elie
267 4492 415 4540 sachliohen
438 4493 635 4552 widersprriohe
659 4493 704 4540 der
727 4492 789 4542 Ilius
812 4491 901 4551 (niczh.
926 4492 950 4541 d.
975 4493 999 4539 b.
1018 4491 1096 4544 hinad.
1116 4493 1187 4544 1881.
1207 4491 1232 4538 11
1249 4504 1273 4559 p.
1296 4489 1341 4536 lab
1359 4492 1426 4551 sqq.)
1444 4491 1470 4546 et

200 4571 433 4632 Prolsgom.11iad.
453 4587 478 4632 p.
497 4573 526 4619 bi
546 4586 584 4634 sq.
