3120 5124
182 591 225 648 buc
250 589 382 662 faciunt;
416 589 524 648 Attice
555 588 643 647 enim
675 587 703 645 si
737 586 928 660 proferimus
960 587 1141 659 Atticisque
1166 588 1284 650 litteris
1308 607 1417 652 exara·

182 707 242 766 mus,
267 690 347 751 fiunt
377 691 580 764 ΣΚΙΟΝΤΑ,
602 689 633 748 id
658 691 710 748 est
737 695 877 747 σκιοῦντα
901 691 958 746 aut
981 697 1118 765 σκιῶντα,
1140 692 1200 750 ete.
1227 726 1267 733 —
1292 693 1419 754 Similia

182 792 262 852 valent
288 792 326 852 de
356 792 437 852 locis
469 791 581 865 quales
616 793 694 850 sunt
725 789 834 865 μ210
868 787 936 847 εἴλει
967 786 1011 848 ἐνὶ
1035 798 1117 867 σπῆι,
1139 814 1154 868 χ
1179 795 1244 853 460
1267 791 1363 853 εἴλεον
1387 793 1418 854 ἐν

181 894 269 954 calva:
294 895 398 955 scribe
418 895 536 954 Atticis
556 893 675 952 litteris
695 893 728 951 et
751 891 851 950 habes
872 893 961 948 ΕΛΕ
981 893 1060 949 ΕΝΙ
1076 895 1187 950 >snat
1204 896 1237 952 et
1257 896 1379 954 ΕΛΟΝ
1397 894 1418 966 ¹)

182 996 226 1052 tol
246 997 412 1071 ΣΤΕΝΕΙ,
436 1029 476 1037 -
502 1010 541 1054 en
573 994 716 1054 emicant
747 1007 785 1051 ea
812 993 883 1066 ipsa
912 1006 993 1064 quae
1017 993 1148 1053 dederat
1171 997 1282 1068 poeta:
1304 989 1418 1055 'diaeo

181 1092 210 1153 bl
229 1093 297 1155 σπὲεϊ
318 1100 351 1157 et
370 1091 490 1155 ’eltrov
513 1093 557 1154 tvl
582 1093 676 1153 στένεϊ
697 1099 730 1162 ²).

211 1197 280 1259 Haec
308 1200 418 1259 omnia
447 1200 501 1271 qui
534 1212 646 1257 secum
677 1197 883 1269 reputaverit,
912 1210 976 1255 non
999 1197 1158 1256 dubitabit
1182 1199 1258 1269 quin
1283 1199 1417 1277 formae,

181 1313 238 1370 quae
253 1302 316 1360 sine
338 1301 555 1360 contractione
577 1315 596 1359 a
616 1299 718 1372 poetis
739 1298 837 1371 epicis
857 1297 1004 1370 usurpari
1025 1297 1161 1371 soleant,
1184 1299 1236 1358 ubi
1249 1308 1418 1362 occurrant

181 1405 338 1477 contractae,
384 1403 535 1462 hodierno
581 1401 694 1460 editori
741 1400 807 1458 sint
853 1399 1077 1458 dissolvendae
1116 1401 1145 1458 si
1179 1416 1234 1475 per
1275 1406 1417 1464 metrum

180 1500 255 1561 liceat.
284 1505 373 1562 Licet
408 1504 518 1562 autem
554 1503 634 1561 locis
665 1501 758 1573 longe
789 1500 948 1574 plurimis
981 1516 1045 1560 non
1076 1502 1187 1574 paucis
1215 1504 1327 1563 autem
1353 1521 1417 1565 me·

180 1603 242 1661 trun
277 1609 403 1678 apertas
445 1604 567 1664 formas
608 1618 671 1662 non
715 1602 860 1662 admittit
902 1602 1009 1660 solum
1044 1603 1100 1661 sed
1136 1604 1237 1662 etiarn
1272 1605 1415 1681 flagitat3

180 1702 207 1759 ci.
225 1704 238 1770 t
257 1706 281 1776 2,
308 1707 380 1778 147,
407 1706 479 1764 191.
514 1704 600 1779 Quae
633 1719 709 1762 vero
734 1702 969 1776 repugnantia
995 1705 1163 1762 nominum
1189 1706 1326 1767 flexione
1350 1724 1415 1782 per·

180 1818 269 1874 paucae
299 1810 385 1881 sunt,
422 1821 480 1865 suo
516 1807 627 1865 autem
661 1804 730 1864 loco
761 1803 1012 1863 recensebantur
1043 1804 1143 1878 infra3
1180 1806 1212 1863 in
1246 1810 1416 1870 verborum

180 1903 283 1967 lenione
325 1909 430 1967 multo
472 1908 581 1981 plures
622 1906 762 1977 obstant,
802 1920 938 1976 quarum
976 1905 1145 1977 pleraeque
1180 1910 1341 1979 pertinent
1376 1913 1415 1971 ad

181 2008 251 2067 verba
275 2025 409 2083 quorum
440 2011 531 2069 radix
565 2008 666 2068 vocali
695 2021 713 2064 a
740 2008 943 2081 terminatur,
968 2007 1106 2065 rariores
1130 2012 1207 2068 sunt
1230 2026 1311 2082 quae
1337 2014 1414 2073 deri·

180 2112 268 2170 rantur
293 2128 312 2172 a
342 2112 504 2171 radicibus
535 2111 568 2170 in
600 2109 745 2169 vocalem
771 2114 786 2166 ἑ
817 2108 1048 2168 desinentibus.
1074 2108 1148 2168 Veri
1172 2111 1278 2172 simile
1302 2117 1413 2175 autem

180 2210 217 2266 est
240 2212 347 2273 talibus
381 2214 462 2273 locis
493 2215 605 2287 poetas
636 2212 750 2270 formis
782 2210 820 2268 ad
848 2210 1020 2269 flexionem
1045 2211 1077 2269 in
1109 2233 1155 2285 -μι
1188 2228 1269 2284 quae
1297 2216 1414 2277 dicitur

180 2311 379 2380 penitentibus
421 2330 498 2375 usos
539 2329 622 2388 esse,
665 2328 768 2384 neque
804 2313 901 2384 igitur
935 2307 1037 2387 ὁρᾶται
1073 2308 1220 2387 ὁρώμενος
1256 2321 1413 2389 φιλεῦντας

180 2403 290 2487 &optim
324 2417 508 2491 πονεύμενος
540 2418 572 2476 et
602 2415 723 2475 similia
754 2414 875 2473 dixisse
907 2413 963 2473 Sed
995 2411 1097 2489 ὅρᾶται
1121 2412 1246 2492 (ὄρηται)
1271 2410 1413 2495 ὃράμενος

180 2505 310 2589 (ieiunos)
334 2516 471 2593 φιλὲντος
495 2515 619 2595 ὤρχεοτο
642 2514 810 2592 πονήμενος
835 2518 906 2589 etc,
940 2515 1062 2574 nullam
1087 2516 1185 2588 igitur
1208 2518 1239 2575 in
1268 2520 1319 2578 his
1343 2536 1411 2580 con-

179 2613 334 2679 tractionem
358 2620 459 2679 fuisse
479 2620 567 2679 olim.
596 2619 705 2690 Neque
725 2619 758 2677 in
777 2618 856 2691 ipsis
879 2617 1077 2676 carminibus
1096 2617 1276 2680 Homericis
1296 2623 1413 2682 desunt

179 2711 273 2793 indicia,
295 2721 411 2794 quibus
434 2722 513 2780 haec
537 2720 677 2794 suspicio
701 2720 803 2793 possit
825 2718 1024 2792 confirmem
1055 2719 1101 2778 sic
1124 2721 1283 2794 participii
1307 2723 1412 2783 forma

178 2813 271 2880 sincera
299 2826 332 2883 et
358 2822 545 2881 Aristarcho
573 2822 665 2881 unice
689 2820 822 2894 probata
845 2811 932 2896 βιβάς
955 2821 1029 2889 (vid.
1055 2822 1085 2876 H
1110 2822 1173 2879 213
1200 2824 1231 2878 N
1253 2826 1314 2883 371
1341 2828 1411 2894 etc.)

177 2921 269 2986 bassim
290 2927 417 2984 mutata
440 2926 491 2983 est
515 2924 547 2981 in
571 2923 676 2999 βιβῶν,
699 2924 731 2981 et
753 2921 909 2993 gliscente
933 2921 1114 2994 corruptela
1137 2925 1174 2979 M
1192 2924 1254 2982 277
1277 2926 1309 2984 in
1330 2927 1411 3002 βοῶν

177 3017 246 3096 abiit;
277 3028 387 3086 eodem
424 3041 529 3085 errore
562 3025 743 3085 Zenodotea
775 3024 918 3082 recensio
948 3025 1118 3084 tenebatur
1152 3026 1176 3083 O
1208 3028 1281 3086 307.
1315 3030 1411 3092 Plura

175 3130 234 3188 luae
260 3127 317 3187 huc
348 3129 470 3187 faciunt
501 3129 670 3187 videantur
700 3127 718 3195 ἓ
744 3128 816 3185 195.
848 3127 1003 3184 Attamen
1034 3140 1148 3198 parum
1181 3129 1290 3187 tutum
1314 3131 1411 3192 fuerit

174 3216 275 3302 f0r1nas,
305 3229 418 3301 quales
450 3230 527 3287 sunt
551 3224 693 3305 ὀράμενος
717 3224 863 3301 φιλέντος,
886 3226 918 3284 in
941 3228 1071 3285 textum
1095 3227 1305 3289 Homericum
1329 3233 1409 3292 intu-

171 3318 241 3398 lisse;
270 3345 327 3390 nos
358 3334 446 3390 certe
476 3330 549 3389 ausi
580 3344 643 3389 non
674 3344 799 3403 sumus,
831 3343 905 3386 cum
929 3329 1118 3400 praesertim
1144 3329 1303 3390 incertum
1327 3335 1409 3394 vide·

168 3425 237 3486 retur
266 3433 374 3490 utrum
411 3429 548 3506 φιλέοτος
580 3446 622 3490 an
653 3434 796 3505 φιλῆντος
828 3429 1031 3488 scribendum
1063 3432 1160 3501 esset,
1196 3426 1339 3507 ὁράμενος
1369 3451 1410 3496 an

168 3518 297 3602 ὁοήμενος,
319 3534 447 3593 Atticae
471 3533 558 3592 euim
582 3531 710 3591 dialecti
734 3531 821 3604 leges
845 3531 884 3589 ad
908 3530 990 3589 hanc
1014 3532 1238 3601 quaestionem
1261 3535 1409 3596 dirimen-

165 3626 224 3688 dam
244 3648 337 3694 nemo
360 3635 531 3694 adhibebit.

197 3828 265 3909 38.
298 3838 327 3895 A
361 3837 578 3896 contractione
612 3835 717 3908 specie
753 3838 786 3892 et
819 3834 949 3893 nomine
981 3835 1085 3907 magis
1112 3851 1209 3907 quarn
1241 3853 1274 3896 re
1302 3839 1409 3899 differt

154 3936 296 4007 cyaizeais.
319 3937 441 4011 Nempe
466 3937 546 3996 duae
571 3936 698 3996 vocales
722 3936 891 4008 contiguae
910 3937 965 3994 ubi
989 3937 1083 3994 metri
1105 3953 1204 3996 causa
1222 3939 1307 3999 intra
1328 3940 1409 4001 fines

153 4038 242 4096 unius
268 4039 411 4112 syllabae
442 4039 555 4111 longae
587 4041 752 4111 coguntur,
785 4037 947 4109 synizesin
972 4038 1039 4110 pati
1062 4038 1220 4098 dicuntur.
1246 4040 1408 4115 Quaeres

151 4209 176 4216 φ.
189 4209 362 4218 -.lma—...-

180 4320 198 4374 1)
215 4322 277 4369 Nam
291 4337 336 4384 pro
352 4324 440 4370 Ionica
458 4324 539 4370 forma
557 4326 629 4370 εἴλεον
646 4324 757 4369 Atticam
771 4323 845 4367 οἵλουν
860 4325 946 4368 mente
962 4335 1029 4367 nunc
1045 4322 1232 4369 substituamus
1247 4337 1352 4370 necesse
1362 4329 1410 4371 ast.

177 4400 199 4464 ²)
217 4401 355 4449 Lerisslma
381 4404 449 4450 enim
475 4408 535 4449 sunt
557 4403 739 4462 paragogicum
764 4418 787 4443 -v
809 4400 835 4444 iu
859 4401 920 4445 liter
943 4401 1097 4459 neglectum,
1120 4405 1147 4448 et
1172 4406 1195 4447 tv
1218 4403 1343 4462 scriptum
1362 4418 1407 4462 pro

140 4486 182 4534 dri.
200 4483 233 4526 ut
246 4483 369 4528 sexcentis
387 4482 450 4528 locis
475 4482 545 4538 aliis;
569 4482 600 4528 de
618 4482 709 4527 vitiosa
727 4482 812 4524 autem
831 4478 912 4524 forma
929 4484 1013 4531 ΣΠΕΙ,
1032 4493 1107 4538 quom
1124 4481 1149 4526 in
1168 4482 1258 4527 Atticis
1276 4484 1405 4541 exempla-

138 4559 214 4605 rbns
234 4562 327 4605 snam
343 4560 402 4604 ol¹m
422 4561 501 4605 fuisso
519 4561 640 4606 crolliliilo
659 4565 705 4606 est.
724 4571 801 4616 supra
820 4557 1015 4615 disputavimus.
