3120 5124
201 424 215 490 5
233 422 270 492 18]
778 424 819 484 87

232 602 303 687 lis.
331 609 495 685 Quaedam
525 609 680 671 vocabula
711 611 858 672 vocalem
881 635 901 669 α
926 612 977 673 vel
1000 636 1011 671 ι
1034 613 1085 674 vel
1109 637 1128 674 o
1151 615 1186 674 in
1208 614 1273 674 arsi
1297 614 1427 689 longam

200 710 287 771 hubent
303 712 353 772 sed
371 712 405 771 in
429 712 513 772 thesi
540 712 683 789 brevem,
708 713 783 775 licet
801 731 865 776 non
887 714 1008 776 vocalis
1031 732 1105 776 eam
1128 718 1283 790 sequatur
1302 716 1359 777 sed
1378 717 1427 776 lit-

200 814 250 872 tera
266 829 442 874 consonans.
465 814 500 875 ll.
523 829 589 888 gn:

262 913 408 977 aduae:
456 919 527 975 ᾱΑ
552 918 602 992 14,
629 919 668 978 21
695 920 755 979 etc.
847 915 977 998 deriput
1003 920 1118 989 19];ᾱ
1163 921 1359 980 15531111.

456 1021 527 1078 dA
551 1021 603 1095 43,
629 1022 670 1080 75
695 1021 756 1080 otc.
1095 1026 1115 1080 ἅ
1160 1025 1189 1081 Α
1210 1023 1273 1081 281
1298 1023 1359 1082 etc.
1477 1014 1479 1018 '

321 1118 409 1199 inpio:
455 1121 610 1181 213348
691 1122 751 1182 etc.
952 1121 1115 1184 Ησασιιῑ
1172 1126 1192 1182 1
1232 1126 1273 1183 35
1299 1125 1359 1184 etc.

454 1226 468 1281 t
499 1222 611 1283 11344
690 1225 751 1284 etc.
1103 1227 1117 1282 1
1166 1226 1271 1283 2151
1298 1226 1359 1284 etc.

277 1322 409 1402 χρύσεοςε
455 1327 529 1383 dA
572 1328 612 1385 15
692 1326 751 1385 etc.
975 1323 1118 1406 ὕδωρεῡ
1165 1326 1274 1384 Β755
1297 1326 1358 1385 etc.

453 1429 473 1484 b
501 1428 526 1484 Z
551 1428 615 1486 320
694 1427 925 1497 51511161).
1099 1432 1118 1487 t
1157 1429 1192 1486 H
1208 1428 1272 1487 425
1297 1427 1358 1487 etc.

226 1523 317 1600 Quales
338 1526 484 1600 syllabae
506 1543 570 1589 non
591 1528 625 1587 id
647 1528 788 1589 notabile
812 1529 931 1589 habent
956 1530 1038 1601 qnod
1062 1529 1095 1588 in
1119 1529 1184 1588 arsi
1204 1528 1318 1600 longae
1339 1528 1425 1603 sunt,

193 1626 233 1686 ssd
257 1629 328 1701 quod
362 1630 395 1689 iu
430 1629 515 1689 thesi
548 1629 673 1691 breves.
708 1630 793 1689 Nam
825 1630 982 1690 eiusmodi
1016 1631 1144 1691 vocales
1172 1631 1289 1689 natura
1312 1629 1426 1702 longas

193 1725 264 1790 disse
281 1732 403 1791 certum
426 1732 494 1806 est;
526 1746 590 1791 non
613 1733 763 1791 crescunt
785 1731 913 1804 linguae
943 1733 1105 1792 humanae
1129 1732 1200 1792 soni
1223 1731 1280 1791 sed
1303 1731 1424 1791 decres-

192 1831 246 1889 cunt
263 1831 459 1892 volventibus
480 1833 585 1909 annis,
607 1833 684 1893 licet
706 1833 800 1893 novis
823 1833 995 1895 elementis
1019 1834 1148 1894 aliunde
1169 1833 1281 1893 ascitis
1300 1834 1426 1906 possint

191 1931 351 2005 amplificari.
394 1935 508 2006 Itaque
551 1936 738 1996 statuamus
779 1951 911 1996 necesse
948 1937 1007 2013 est,
1043 1936 1159 1996 talium
1195 1933 1424 1995 vocabulorum

190 2044 259 2094 unos
276 2036 351 2096 olim
374 2035 487 2109 longos
510 2035 621 2113 fuisse,
646 2050 674 2113 a,
696 2050 717 2114 ῑ,
740 2050 769 2112 s,
794 2051 874 2098 aevo
898 2053 974 2098 vero
998 2038 1170 2098 Homerico
1193 2038 1226 2096 in
1250 2052 1304 2096 ore
1324 2037 1423 2096 homi·

187 2146 244 2194 nun
266 2137 308 2197 ita
336 2138 438 2199 fuisse
461 2138 663 2214 imminutos,
688 2140 725 2198 ut
747 2139 881 2198 dubium
913 2140 1076 2200 videretur
1100 2140 1236 2212 longana
1260 2138 1425 2198 audiretur

186 2235 277 2297 loculis
308 2254 350 2299 an
383 2239 506 2315 breris3
542 2241 617 2302 hinc
652 2242 825 2302 adiuvante
857 2242 987 2314 quidem
1018 2243 1085 2302 ictu
1108 2242 1240 2315 longam
1263 2239 1424 2313 syllabam

183 2336 333 2402 etiamtunc
367 2343 497 2417 explere
530 2344 684 2420 potuisse,
718 2344 751 2402 in
782 2344 868 2403 thesi
899 2360 975 2404 vero
1005 2344 1045 2404 ad
1073 2343 1256 2416 legitimam
1280 2340 1424 2414 syllabae

177 2441 325 2512 productas
360 2459 549 2506 mensuram
583 2446 640 2506 vix
674 2447 859 2520 pervenisse
895 2447 929 2506 et
961 2461 1018 2520 pro
1048 2446 1200 2505 brevibus
1230 2443 1329 2517 igitur
1351 2459 1424 2504 esse

172 2548 349 2607 numeratas.
373 2547 445 2608 Non
466 2563 530 2609 uno
553 2549 665 2609 autem
688 2548 864 2621 eodemque
888 2549 1006 2621 puncto
1029 2547 1185 2621 temporis
1209 2547 1293 2606 hanc
1313 2546 1423 2606 tabem

167 2647 264 2708 omnia
293 2649 452 2709 eiusmodi
481 2650 638 2710 vocabula
665 2650 824 2710 invasisse
852 2650 962 2725 parire
989 2650 1113 2724 impetu
1141 2649 1174 2708 in
1195 2648 1331 2721 singulis
1351 2663 1423 2708 esse

162 2751 346 2827 grassatam,
371 2750 478 2824 quivis
501 2751 676 2826 intellegit3
701 2767 760 2812 nec
783 2752 904 2811 mirum
935 2751 1034 2825 igitur
1061 2750 1230 2824 quaedam,
1255 2763 1337 2822 quae
1361 2750 1424 2809 huc

159 2849 189 2908 in
212 2864 343 2911 censum
367 2853 510 2929 veniunt,
534 2853 633 2914 verba
655 2854 689 2913 in
711 2853 822 2927 lingua
847 2853 1020 2914 Homerica
1042 2868 1145 2926 usque
1169 2852 1247 2912 adeo
1272 2853 1422 2911 extenua-

154 2953 222 3012 tam
252 2952 403 3014 exhibero
433 2955 579 3016 vacuom
604 2952 636 3031 ¹),
667 2956 705 3015 ut
727 2956 796 3017 sine
820 2970 930 3015 arseos
954 2956 1055 3015 fulcro
1084 2956 1268 3014 sustentare
1292 2953 1423 3013 omnino

151 3068 188 3114 se
211 3056 367 3130 nequeam
391 3055 457 3116 alia
479 3071 596 3117 sonum
619 3072 748 3118 servare
768 3057 933 3130 aliquanto
953 3056 1140 3132 firmiorem,
1161 3057 1208 3116 ita
1228 3056 1265 3115 ui
1284 3055 1318 3114 in
1338 3055 1424 3114 thesi

148 3169 277 3229 quoque
308 3171 539 3230 nonnunquam
562 3159 649 3219 stare
671 3159 792 3235 possit;
817 3160 850 3218 in
873 3159 946 3219 aliis
970 3160 1106 3231 denique
1139 3173 1240 3233 paone
1263 3156 1423 3216 illibatam

144 3256 369 3333 permansisse
403 3259 471 3319 vim
506 3261 628 3321 vocalis
662 3276 720 3321 nec
750 3261 814 3321 nisi
845 3277 908 3320 uno
937 3263 969 3321 et
1000 3261 1102 3321 altero
1126 3261 1195 3320 loco
1230 3258 1422 3333 deprehendi

143 3360 330 3434 ingruentis
354 3361 458 3422 morbi
481 3361 609 3423 indicia.

190 3461 504 3525 Luculentissimum
527 3464 624 3524 huius
647 3464 693 3524 rei
718 3463 905 3538 exemplum
928 3464 1061 3538 praebet
1084 3463 1185 3523 dativi
1206 3463 1367 3522 terminus
1388 3485 1421 3519 -ι,

143 3563 209 3639 Qui
232 3563 269 3622 in
291 3564 357 3623 arsi
379 3565 537 3639 reperitur
556 3565 679 3640 passim
699 3565 749 3636 (cf.
771 3565 789 3633 ἓ
813 3566 864 3633 191
889 3566 922 3624 et
945 3566 979 3624 in
1002 3565 1086 3624 thesi
1111 3566 1185 3624 ante
1210 3564 1338 3624 vocales
1361 3563 1421 3624 col-

141 3664 250 3725 locari
262 3663 344 3724 solet
356 3664 407 3735 (ci.
421 3665 438 3735 ἓ
453 3667 514 3742 15),
534 3666 581 3725 ita
599 3666 637 3725 ut
656 3666 737 3726 satis
756 3668 908 3740 appareat
927 3664 1058 3740 longam
1078 3665 1111 3725 in
1128 3665 1238 3738 lingua
1250 3665 1421 3725 Homerica

142 3781 223 3828 esse
254 3766 337 3827 hanc
368 3767 545 3843 syllabam
578 3768 691 3829 eadem
715 3769 826 3828 tamen
849 3769 963 3828 multis
986 3768 1066 3829 locis
1085 3770 1160 3828 anto
1188 3769 1420 3828 consonantem

116 3869 244 3930 ‘extat
277 3869 432 3944 correpta,
467 3870 552 3930 undo
583 3870 716 3930 brevem
750 3885 876 3942 quoque
908 3885 980 3930 asse
1011 3870 1177 3931 discimus.
1202 3870 1300 3929 Recte
1323 3869 1422 3942 igitur

140 3973 180 4031 in
212 3970 358 4031 carmine
387 3970 476 4044 spico
507 3971 605 4032 lrabet
633 3969 762 4041 diutile)
785 3975 816 4029 A
839 3971 904 4030 830
927 3993 944 4029 κ
969 3972 1043 4047 520,
1073 3973 1160 4032 recte
1186 3985 1311 4044 quoquo
1335 3964 1424 4028 idaci

140 4095 159 4151 χ
186 4073 265 4131 439.

191 4172 308 4234 Simile
337 4173 414 4247 quid
437 4174 600 4235 observari
623 4175 731 4248 potest
752 4174 787 4234 in
810 4175 907 4234 tertia
929 4190 1067 4249 persona
1089 4176 1170 4250 plur.
1183 4170 1184 4174 ’
1198 4172 1311 4250 fiscon,
1338 4189 1420 4246 quae

140 4278 179 4337 et
210 4276 247 4334 in
278 4276 342 4335 arsi
371 4276 560 4349 productam
584 4277 618 4336 et
640 4277 673 4336 in
696 4277 782 4336 thesi
805 4279 986 4351 correptam
1009 4277 1107 4338 habet
1130 4277 1292 4350 syllabam
1314 4275 1418 4335 initia·

179 4518 197 4578 ¹)
216 4521 344 4582 Exemplo
361 4522 395 4569 sii
411 4522 465 4569 iota
481 4535 573 4571 vocum
591 4527 667 4580 πάλιν,
686 4527 784 4580 ἵπποιιν,
801 4527 879 4589 χάριν,
897 4530 990 4591 Χλῶριν
1003 4521 1038 4589 (K
1053 4526 1100 4572 281
1123 4529 1146 4571 T
1157 4526 1204 4572 396
1222 4524 1333 4571 118111
1351 4520 1420 4585 281),

139 4603 176 4651 de
194 4601 294 4663 quibus
312 4602 345 4650 ct
363 4602 379 4663 fi
398 4604 429 4651 19
448 4605 474 4651 ot
492 4604 531 4651 ll.
