3120 5124
755 395 796 452 56
1316 393 1344 462 [5
1369 392 1406 451 11

141 583 201 641 bus
224 582 344 640 formas
367 581 543 653 disyllabas
569 581 622 639 vix
648 596 785 652 usquam
809 580 939 654 reperiri
964 581 1038 638 ante
1061 579 1205 638 vocalem
1227 578 1409 652 collocatas,

141 682 361 754 intellegimus
395 697 512 741 sonum
544 681 674 742 finalem
705 687 738 740 -ἄ
761 686 788 739 -t'
810 703 840 739 -ο
864 697 978 755 parum
1004 680 1135 739 firmum
1159 680 1260 739 fuisse
1285 682 1318 738 et
1342 680 1411 739 sine

141 783 335 842 detrimento
365 784 508 857 potuisse
539 784 631 844 abici.
664 783 704 842 Et
726 784 760 842 in
784 784 971 856 compositis
995 786 1080 841 certe
1109 782 1229 841 vocalis
1254 782 1320 841 ista
1343 781 1415 841 fun-A

142 885 229 944 ditus
263 885 395 959 interiit,
430 901 469 944 ne
505 887 640 958 vestigio
676 887 804 957 quidem
838 885 949 944 relicto
982 884 1062 943 ullo:
1091 899 1195 942 nonne
1220 883 1339 943 melius
1363 884 1411 942 est

142 986 241 1059 igitur
260 986 374 1061 dicere,
396 987 468 1046 inde
488 988 527 1046 ab
548 988 639 1047 initio
659 1004 698 1047 ne
720 987 861 1046 adfuisse
885 987 1040 1058 quidem?
1060 1001 1122 1044 non
1145 1001 1185 1044 ex
1205 981 1357 1060 παρα-ἔχω
1370 1016 1412 1025 —

142 1081 280 1165 παρ’-ἔχω
311 1090 426 1147 natum
459 1104 530 1147 esse
560 1085 686 1165 παρέχω,
717 1089 773 1147 sed
805 1104 908 1163 voceS,
934 1104 1015 1159 quac
1040 1087 1072 1146 in
1097 1101 1193 1145 unam
1220 1087 1413 1145 coniunctae

142 1191 228 1263 sunt,
264 1189 407 1261 integras
437 1190 541 1248 adhuc
573 1206 742 1265 superesse
771 1190 894 1264 arribas,
926 1188 985 1263 acie
1017 1190 1050 1247 et
1081 1185 1159 1264 ἔχω’.)
1196 1188 1246 1246 Sic
1280 1187 1414 1246 (ternum

141 1289 340 1361 intellegitur
370 1305 426 1348 cur
458 1290 578 1350 vocalis
601 1296 636 1366 -t,
667 1306 748 1362 quae
773 1290 941 1350 elisionem
966 1306 1029 1348 non
1053 1289 1136 1348 solet
1163 1288 1347 1360 admittere,
1374 1301 1414 1345 ne

143 1391 175 1449 in
215 1391 402 1464 posterioris
444 1391 572 1463 quidem
616 1392 688 1452 aevi
728 1392 866 1451 dictione
899 1391 1061 1450 obstiterit
1093 1390 1266 1462 quominus
1302 1384 1413 1464 ἀντέχω

143 1488 233 1568 ἐπέχω
257 1494 317 1551 etc.
342 1491 531 1552 dicerentur.

188 1593 268 1666 Ergo
299 1593 381 1653 ratio
412 1609 449 1653 eo
473 1594 559 1654 ducit
592 1597 627 1653 ut
652 1609 716 1653 una
742 1609 817 1654 voce
842 1593 1023 1654 scribamus
1047 1590 1183 1668 παρεμοί,
1205 1592 1413 1664 quemadmo-

144 1696 222 1754 dum
256 1710 320 1754 una
356 1710 433 1755 voce
465 1696 569 1755 editur
599 1692 731 1773 παρὲχω;
763 1711 867 1769 neque
891 1696 1049 1769 lapidibus
1074 1694 1277 1754 codicibusve
1302 1693 1416 1752 invitis

144 1797 173 1855 id
205 1796 387 1855 fecerimus
412 1796 511 1857 Recte
535 1813 660 1869 quoque
683 1817 743 1873 παρ
772 1794 838 1872 ἐμοί
861 1799 919 1857 aut
941 1830 983 1837 —-
1007 1797 1035 1855 si
1061 1797 1133 1868 quis
1156 1795 1283 1855 mavult
1306 1795 1415 1854 addito

144 1900 277 1958 accentu
302 1931 343 1937 -
368 1896 428 1976 πὰρ
452 1895 519 1974 ἐμοί
540 1900 635 1960 scribi
658 1915 752 1973 posse
778 1900 921 1972 videtur;
947 1899 1002 1958 sed
1027 1915 1089 1957 non
1116 1899 1241 1957 videtur
1264 1896 1416 1956 credibile

143 1999 176 2058 in
200 2000 343 2073 ipsorum
368 1999 561 2060 Graecorum
586 2016 640 2061 ore
665 2001 809 2061 vocalem
833 2001 987 2074 aliquam,
1012 2000 1223 2072 quantumvis
1246 1998 1415 2073 furtivam,

144 2101 228 2160 iuter
262 2100 388 2160 litteras
422 2123 438 2178 ρ
474 2104 507 2162 et
542 2124 554 2160 ε
586 2104 818 2176 intercessisse,
851 2103 960 2161 minus
995 2102 1081 2160 recte
1113 2102 1211 2173 igitur
1234 2100 1307 2159 addi
1333 2099 1417 2159 solet

144 2203 366 2276 apostrophus,
399 2219 480 2290 quae
517 2203 677 2277 significat
712 2205 872 2277 syllabam
907 2203 1038 2263 finalem
1073 2219 1136 2262 non
1168 2202 1307 2262 recisam
1343 2218 1417 2262 esse

145 2303 201 2363 sed
225 2304 431 2363 obscuratam
456 2307 585 2364 tantum
610 2311 642 2365 et
666 2308 758 2366 extra
784 2321 897 2365 versus
921 2321 1074 2364 numeros
1097 2305 1247 2378 positam.

188 2406 301 2477 Itaque
333 2420 385 2465 res
408 2406 469 2465 huc
493 2408 592 2467 redit:
618 2407 859 2481 monosyllabae
885 2407 1158 2480 praepositionum
1183 2406 1307 2465 formae
1331 2404 1416 2478 apud

145 2506 324 2566 Homerum
356 2510 388 2566 et
412 2508 444 2567 in
476 2509 691 2583 complurium
714 2509 925 2569 dialectorum
956 2507 1216 2582 inscriptionibus
1240 2523 1314 2566 cum
1340 2509 1417 2567 ante

145 2608 273 2668 vocales
296 2610 498 2683 reperiuntur
521 2613 592 2670 tum
616 2614 691 2671 ante
715 2627 890 2686 consonas,
915 2611 998 2684 apud
1021 2611 1148 2670 Atticos
1173 2625 1247 2668 vero
1269 2608 1417 2668 nonnisi

145 2712 220 2769 ante
243 2710 371 2769 vocales
395 2711 620 2786 admittuntur,
646 2714 678 2771 et
700 2714 777 2772 tunc
803 2746 843 2754 —
869 2712 977 2771 minus
1001 2712 1086 2770 recte
1110 2712 1221 2770 tamen
1247 2742 1287 2751 -
1312 2708 1415 2767 elisio-

146 2826 222 2870 nem
245 2827 415 2885 perpessae
440 2827 511 2871 esse
536 2813 694 2872 dicuntur.

189 3009 209 3091 ἐ
234 3011 279 3077 ll.
303 3014 541 3075 Coniunctionis
565 3012 622 3094 ἄρα
642 3013 678 3092 ἄρ
703 3019 794 3076 extat
818 3017 914 3076 tertia
938 3017 1042 3075 forma
1065 3013 1101 3092 ῥα
1124 3015 1304 3088 (euclides),
1333 3028 1417 3086 quae

145 3116 304 3189 aphaeresc'
343 3116 517 3176 imminuta
560 3133 632 3178 esse
667 3119 792 3194 dicitur,
829 3118 961 3192 abrepta
995 3119 1150 3177 nimirum
1189 3116 1290 3176 vocali
1332 3116 1418 3176 unde

144 3219 274 3277 initium
297 3219 402 3278 habet.
428 3218 560 3278 Rectius
583 3222 695 3280 tamen
719 3221 841 3280 formas
865 3220 1022 3293 gemellas
1045 3215 1081 3296 ἄρ
1096 3251 1103 3260 -
1117 3217 1153 3296 ῥα
1178 3233 1253 3278 cum
1276 3218 1417 3278 metathe-

144 3336 208 3378 acos
230 3335 311 3392 quae
336 3321 452 3379 dicitur
475 3321 635 3395 exemplis
658 3323 732 3392 (vid.
758 3324 776 3390 5
800 3324 852 3390 30)
877 3322 1096 3395 composueris
1117 3324 1149 3381 et
1172 3337 1213 3380 ex
1238 3320 1345 3381 indole
1368 3320 1416 3380 lit·

145 3424 233 3481 terae
263 3423 320 3481 rho
348 3422 555 3497 explicuerim
589 3425 738 3484 credibile
762 3428 873 3484 autem
901 3426 951 3483 est
975 3440 1016 3484 ex
1039 3425 1143 3484 forma
1166 3420 1202 3500 ἄρ
1223 3424 1266 3509 (2⁴)
1292 3424 1419 3483 ceteras

145 3524 310 3599 prodiisse,
346 3525 447 3583 etiam
482 3527 699 3600 compositum
740 3528 795 3604 peip
836 3522 951 3605 (pr-do),
992 3527 1031 3585 cf.
1068 3526 1256 3598 Brugmann
1291 3524 1417 3584 Griech.

123 3625 350 3685 drammatik
374 3626 391 3695 ἓ
417 3627 468 3701 23,
496 3628 514 3686 2
540 3629 573 3687 et
596 3629 614 3697 ἓ
640 3629 713 3702 201,
742 3630 769 3687 1.

191 3726 369 3787 Occurrunt
392 3728 491 3800 igitur
514 3729 547 3788 in
568 3731 662 3789 textu
685 3730 803 3788 tradito
828 3730 967 3801 quinque
991 3730 1114 3788 formae
1138 3724 1205 3804 ἄρα,
1228 3721 1284 3805 ἄρ’,
1304 3724 1353 3805 ἄρ,
1371 3725 1420 3805 ῥα,

146 3822 188 3906 ῤ’,
222 3845 358 3902 quarum
394 3831 504 3890 tamen
536 3833 677 3891 secunda
707 3832 846 3891 fortasse
877 3832 1011 3891 delenda
1043 3833 1093 3890 est
1123 3831 1251 3904 propter
1273 3844 1312 3888 ea
1335 3842 1418 3901 quae

147 3931 241 3989 modo
264 3931 297 3988 in
319 3930 379 3989 hac
403 3932 420 3999 ἓ
444 3935 477 3990 et
500 3932 532 3991 in
554 3933 757 4006 praecedenti
781 3934 1035 3993 observavimus.

191 4032 225 4091 Ε.
250 4031 352 4090 Hiller
375 4032 408 4090 in
432 4033 543 4094 Herm.
572 4035 655 4094 1886
679 4050 708 4108 p.
734 4038 797 4095 568
822 4036 1007 4095 observavit
1034 4034 1183 4093 voculam
1212 4031 1248 4110 ῥα
1273 4033 1419 4107 exceptis

146 4133 353 4207 paucissimis
389 4134 535 4192 versibus
570 4137 610 4203 (ll
644 4138 683 4194 15
715 4139 745 4193 Λ
770 4138 833 4194 249
867 4138 897 4192 N
925 4136 990 4194 410
1022 4132 1129 4193 '5511
1157 4136 1190 4191 ll
1211 4134 1276 4191 820
1309 4134 1419 4193 Ρ200

147 4237 178 4292 Χ
211 4235 275 4294 400
306 4256 321 4292 ο
352 4235 394 4294 00
425 4258 440 4311 χ
472 4237 811 4312 coaeternam.
840 4238 912 4307 190)
936 4239 1009 4311 post
1041 4235 1263 4308 monosyllaba
1287 4237 1418 4295 tantum

146 4352 311 4397 occurrere
343 4340 400 4397 aut
431 4340 504 4411 post
536 4336 616 4408 fain
648 4341 699 4399 vel
730 4337 793 4398 ἐπεί
820 4340 863 4409 lid
886 4340 936 4398 est
961 4336 1017 4397 d-tr
1042 4341 1074 4397 et
1098 4335 1194 4406 fer-sl).
1220 4337 1325 4413 Quam
1348 4352 1418 4398 rem

147 4441 236 4499 casui
271 4455 366 4499 nemo
402 4440 531 4515 tribuet,
567 4442 627 4500 lice
678 4457 811 4501 causam
843 4456 946 4512 neque
978 4441 1031 4500 ille
1062 4440 1209 4500 attulerit
1232 4454 1336 4512 neque
1359 4454 1419 4499 nos

148 4541 288 4601 indicare
311 4541 485 4615 possimus.
