<?xml version="1.0" encoding="UTF-8"?>
<!DOCTYPE html PUBLIC "-//W3C//DTD XHTML 1.0 Transitional//EN"
    "http://www.w3.org/TR/xhtml1/DTD/xhtml1-transitional.dtd">
<html xmlns="http://www.w3.org/1999/xhtml" xml:lang="en" lang="en">
 <head>
  <title>
</title>
<meta http-equiv="Content-Type" content="text/html;charset=utf-8" />
  <meta name='ocr-system' content='tesseract 3.04.00' />
  <meta name='ocr-capabilities' content='ocr_page ocr_carea ocr_par ocr_line ocrx_word'/>
</head>
<body>
  <div class='ocr_page' id='page_1' title='image "./enchiridiumdict00leeugoog/enchiridiumdict00leeugoog_0164.png"; bbox 0 0 3120 5124; ppageno 0'>
   <div class='ocr_carea' id='block_1_1' title="bbox 160 411 774 480">
    <p class='ocr_par' dir='ltr' id='par_1_1' title="bbox 160 411 774 480">
     <span class='ocr_line' id='line_1_1' title="bbox 160 411 774 480; baseline -0.008 -2"><span class='ocrx_word' id='word_1_1' title='bbox 160 411 172 478; x_wconf 71' lang='lat' dir='ltr'>i</span> <span class='ocrx_word' id='word_1_2' title='bbox 191 411 229 480; x_wconf 81' lang='grc'>14]</span> <span class='ocrx_word' id='word_1_3' title='bbox 734 415 774 474; x_wconf 83' lang='grc'>73</span> 
     </span>
    </p>
   </div>
   <div class='ocr_carea' id='block_1_2' title="bbox 159 594 1390 1180">
    <p class='ocr_par' dir='ltr' id='par_1_2' title="bbox 159 594 1390 1180">
     <span class='ocr_line' id='line_1_2' title="bbox 160 594 1390 675; baseline -0.002 -19"><span class='ocrx_word' id='word_1_4' title='bbox 160 613 238 657; x_wconf 82' lang='lat' dir='ltr'>earam</span> <span class='ocrx_word' id='word_1_5' title='bbox 260 602 403 675; x_wconf 88' lang='lat' dir='ltr'>correpta</span> <span class='ocrx_word' id='word_1_6' title='bbox 427 601 583 675; x_wconf 91' lang='lat' dir='ltr'>reperitur</span> <span class='ocrx_word' id='word_1_7' title='bbox 612 601 739 675; x_wconf 85' lang='lat' dir='ltr'><strong>syllaba</strong></span> <span class='ocrx_word' id='word_1_8' title='bbox 761 601 868 675; x_wconf 89' lang='lat' dir='ltr'>longa,</span> <span class='ocrx_word' id='word_1_9' title='bbox 892 616 919 660; x_wconf 92' lang='lat' dir='ltr'>e.</span> <span class='ocrx_word' id='word_1_10' title='bbox 944 615 974 673; x_wconf 91' lang='lat' dir='ltr'>g.</span> <span class='ocrx_word' id='word_1_11' title='bbox 1002 603 1031 656; x_wconf 85' lang='lat' dir='ltr'><em>A</em></span> <span class='ocrx_word' id='word_1_12' title='bbox 1062 599 1124 658; x_wconf 83' lang='grc'>627</span> <span class='ocrx_word' id='word_1_13' title='bbox 1149 594 1257 672; x_wconf 69' lang='grc' dir='ltr'><em>ἔξελον,</em></span> <span class='ocrx_word' id='word_1_14' title='bbox 1280 594 1390 654; x_wconf 78' lang='grc' dir='ltr'><strong><em>οὕνεκα</em></strong></span> 
     </span>
     <span class='ocr_line' id='line_1_3' title="bbox 160 690 1389 785; baseline -0.001 -29"><span class='ocrx_word' id='word_1_15' title='bbox 160 690 462 781; x_wconf 70' lang='grc' dir='ltr'>βου1ῇΙΙάρεστεύεσκεν</span> <span class='ocrx_word' id='word_1_16' title='bbox 482 697 632 778; x_wconf 78' lang='grc' dir='ltr'><strong><em>ἁπάντων,</em></strong></span> <span class='ocrx_word' id='word_1_17' title='bbox 654 706 683 761; x_wconf 85' lang='grc' dir='ltr'><em>Α</em></span> <span class='ocrx_word' id='word_1_18' title='bbox 696 705 738 762; x_wconf 88' lang='grc'>30</span> <span class='ocrx_word' id='word_1_19' title='bbox 758 697 886 785; x_wconf 75' lang='grc' dir='ltr'><strong><em>ἡμετέρῳ</em></strong></span> <span class='ocrx_word' id='word_1_20' title='bbox 910 697 954 760; x_wconf 75' lang='grc' dir='ltr'>ἐνὶ</span> <span class='ocrx_word' id='word_1_21' title='bbox 972 699 1067 783; x_wconf 58' lang='lat' dir='ltr'>solaci</span> <span class='ocrx_word' id='word_1_22' title='bbox 1081 691 1100 782; x_wconf 86' lang='grc' dir='ltr'>ΙΙ</span> <span class='ocrx_word' id='word_1_23' title='bbox 1114 697 1145 758; x_wconf 78' lang='grc' dir='ltr'>ἐν</span> <span class='ocrx_word' id='word_1_24' title='bbox 1163 695 1263 776; x_wconf 71' lang='grc' dir='ltr'>’Ἀργεῖ’</span> <span class='ocrx_word' id='word_1_25' title='bbox 1283 696 1389 774; x_wconf 81' lang='grc' dir='ltr'><strong><em>τηλόθι</em></strong></span> 
     </span>
     <span class='ocr_line' id='line_1_4' title="bbox 160 797 1388 880; baseline 0.001 -24"><span class='ocrx_word' id='word_1_26' title='bbox 160 797 246 875; x_wconf 63' lang='grc' dir='ltr'>πάτρης,</span> <span class='ocrx_word' id='word_1_27' title='bbox 261 802 418 862; x_wconf 91' lang='lat' dir='ltr'>recordari</span> <span class='ocrx_word' id='word_1_28' title='bbox 435 819 494 864; x_wconf 90' lang='lat' dir='ltr'>nos</span> <span class='ocrx_word' id='word_1_29' title='bbox 513 806 648 880; x_wconf 80' lang='lat' dir='ltr'>oportet,</span> <span class='ocrx_word' id='word_1_30' title='bbox 661 805 744 864; x_wconf 91' lang='lat' dir='ltr'>hanc</span> <span class='ocrx_word' id='word_1_31' title='bbox 757 817 911 862; x_wconf 87' lang='lat' dir='ltr'>versuum</span> <span class='ocrx_word' id='word_1_32' title='bbox 931 802 1043 862; x_wconf 87' lang='lat' dir='ltr'>sedem</span> <span class='ocrx_word' id='word_1_33' title='bbox 1056 802 1156 861; x_wconf 83' lang='lat' dir='ltr'>etiarn</span> <span class='ocrx_word' id='word_1_34' title='bbox 1169 801 1282 873; x_wconf 90' lang='lat' dir='ltr'>longas</span> <span class='ocrx_word' id='word_1_35' title='bbox 1293 799 1388 871; x_wconf 92' lang='lat' dir='ltr'>sylla·</span> 
     </span>
     <span class='ocr_line' id='line_1_5' title="bbox 160 899 1388 980; baseline 0 -20"><span class='ocrx_word' id='word_1_36' title='bbox 160 899 199 960; x_wconf 83' lang='lat' dir='ltr'>bes</span> <span class='ocrx_word' id='word_1_37' title='bbox 220 901 379 976; x_wconf 83' lang='lat' dir='ltr'>aliquando</span> <span class='ocrx_word' id='word_1_38' title='bbox 406 904 588 980; x_wconf 79' lang='lat' dir='ltr'>admisisse,</span> <span class='ocrx_word' id='word_1_39' title='bbox 621 906 682 965; x_wconf 88' lang='lat' dir='ltr'>vid.</span> <span class='ocrx_word' id='word_1_40' title='bbox 708 920 737 980; x_wconf 89' lang='lat' dir='ltr'>p.</span> <span class='ocrx_word' id='word_1_41' title='bbox 766 907 823 978; x_wconf 90' lang='grc'>11;</span> <span class='ocrx_word' id='word_1_42' title='bbox 853 906 886 963; x_wconf 92' lang='lat' dir='ltr'>et</span> <span class='ocrx_word' id='word_1_43' title='bbox 908 902 1039 964; x_wconf 91' lang='lat' dir='ltr'>omnino</span> <span class='ocrx_word' id='word_1_44' title='bbox 1058 902 1091 963; x_wconf 93' lang='lat' dir='ltr'>in</span> <span class='ocrx_word' id='word_1_45' title='bbox 1111 903 1171 962; x_wconf 90' lang='lat' dir='ltr'>bac</span> <span class='ocrx_word' id='word_1_46' title='bbox 1199 901 1388 974; x_wconf 89' lang='lat' dir='ltr'>quaestione</span> 
     </span>
     <span class='ocr_line' id='line_1_6' title="bbox 159 1004 1387 1081; baseline -0.002 -17"><span class='ocrx_word' id='word_1_47' title='bbox 159 1005 342 1076; x_wconf 84' lang='lat' dir='ltr'>perpendenda</span> <span class='ocrx_word' id='word_1_48' title='bbox 368 1006 530 1066; x_wconf 92' lang='lat' dir='ltr'>nonlicet</span> <span class='ocrx_word' id='word_1_49' title='bbox 553 1007 710 1081; x_wconf 84' lang='lat' dir='ltr'>oblivisci,</span> <span class='ocrx_word' id='word_1_50' title='bbox 734 1006 878 1079; x_wconf 84' lang='lat' dir='ltr'>syllabas</span> <span class='ocrx_word' id='word_1_51' title='bbox 905 1004 995 1065; x_wconf 87' lang='lat' dir='ltr'>brevi</span> <span class='ocrx_word' id='word_1_52' title='bbox 1017 1004 1177 1077; x_wconf 79' lang='lat' dir='ltr'>longiores</span> <span class='ocrx_word' id='word_1_53' title='bbox 1196 1018 1257 1064; x_wconf 92' lang='lat' dir='ltr'>nec</span> <span class='ocrx_word' id='word_1_54' title='bbox 1275 1004 1387 1063; x_wconf 88' lang='lat' dir='ltr'>tamen</span> 
     </span>
     <span class='ocr_line' id='line_1_7' title="bbox 160 1101 1386 1180; baseline 0.004 -21"><span class='ocrx_word' id='word_1_55' title='bbox 160 1101 239 1176; x_wconf 87' lang='lat' dir='ltr'>longas</span> <span class='ocrx_word' id='word_1_56' title='bbox 256 1106 360 1175; x_wconf 87' lang='lat' dir='ltr'>(unius</span> <span class='ocrx_word' id='word_1_57' title='bbox 380 1107 445 1167; x_wconf 85' lang='lat' dir='ltr'>iere</span> <span class='ocrx_word' id='word_1_58' title='bbox 465 1110 499 1168; x_wconf 90' lang='lat' dir='ltr'>et</span> <span class='ocrx_word' id='word_1_59' title='bbox 518 1108 669 1169; x_wconf 89' lang='lat' dir='ltr'>dimidiae</span> <span class='ocrx_word' id='word_1_60' title='bbox 689 1111 865 1176; x_wconf 85' lang='lat' dir='ltr'>morarum)</span> <span class='ocrx_word' id='word_1_61' title='bbox 881 1107 1004 1166; x_wconf 89' lang='lat' dir='ltr'>multas</span> <span class='ocrx_word' id='word_1_62' title='bbox 1012 1105 1143 1180; x_wconf 88' lang='lat' dir='ltr'>reperiri</span> <span class='ocrx_word' id='word_1_63' title='bbox 1155 1107 1187 1165; x_wconf 90' lang='lat' dir='ltr'>in</span> <span class='ocrx_word' id='word_1_64' title='bbox 1201 1106 1270 1165; x_wconf 88' lang='lat' dir='ltr'>arte</span> <span class='ocrx_word' id='word_1_65' title='bbox 1282 1105 1386 1179; x_wconf 88' lang='lat' dir='ltr'>poeta-</span> 
     </span>
    </p>
   </div>
   <div class='ocr_carea' id='block_1_3' title="bbox 159 1204 1419 1708">
    <p class='ocr_par' dir='ltr' id='par_1_3' title="bbox 159 1204 1419 1708">
     <span class='ocr_line' id='line_1_8' title="bbox 160 1204 1388 1285; baseline -0.001 -22"><span class='ocrx_word' id='word_1_66' title='bbox 160 1217 209 1263; x_wconf 86' lang='lat' dir='ltr'>rum</span> <span class='ocrx_word' id='word_1_67' title='bbox 226 1207 390 1284; x_wconf 84' lang='lat' dir='ltr'>epicorum,</span> <span class='ocrx_word' id='word_1_68' title='bbox 410 1223 514 1282; x_wconf 89' lang='lat' dir='ltr'>neque</span> <span class='ocrx_word' id='word_1_69' title='bbox 534 1210 633 1283; x_wconf 90' lang='lat' dir='ltr'>igitur</span> <span class='ocrx_word' id='word_1_70' title='bbox 650 1210 768 1285; x_wconf 84' lang='lat' dir='ltr'>duplex</span> <span class='ocrx_word' id='word_1_71' title='bbox 787 1210 927 1283; x_wconf 87' lang='lat' dir='ltr'>tantum,</span> <span class='ocrx_word' id='word_1_72' title='bbox 950 1208 1034 1281; x_wconf 83' lang='lat' dir='ltr'>quod</span> <span class='ocrx_word' id='word_1_73' title='bbox 1056 1206 1158 1267; x_wconf 88' lang='lat' dir='ltr'>statui</span> <span class='ocrx_word' id='word_1_74' title='bbox 1181 1205 1274 1279; x_wconf 90' lang='lat' dir='ltr'>solet,</span> <span class='ocrx_word' id='word_1_75' title='bbox 1298 1204 1388 1278; x_wconf 90' lang='lat' dir='ltr'>pedis</span> 
     </span>
     <span class='ocr_line' id='line_1_9' title="bbox 160 1286 1386 1390; baseline 0.001 -28"><span class='ocrx_word' id='word_1_76' title='bbox 160 1302 243 1366; x_wconf 85' lang='lat' dir='ltr'>heroici</span> <span class='ocrx_word' id='word_1_77' title='bbox 253 1308 351 1369; x_wconf 87' lang='lat' dir='ltr'>inisse</span> <span class='ocrx_word' id='word_1_78' title='bbox 362 1310 505 1387; x_wconf 89' lang='lat' dir='ltr'>schema,</span> <span class='ocrx_word' id='word_1_79' title='bbox 522 1332 615 1387; x_wconf 52' lang='lat' dir='ltr'>wc„</span> <span class='ocrx_word' id='word_1_80' title='bbox 628 1311 685 1372; x_wconf 90' lang='lat' dir='ltr'>sed</span> <span class='ocrx_word' id='word_1_81' title='bbox 696 1311 818 1371; x_wconf 91' lang='lat' dir='ltr'>multos</span> <span class='ocrx_word' id='word_1_82' title='bbox 830 1310 928 1385; x_wconf 89' lang='lat' dir='ltr'>pedes</span> <span class='ocrx_word' id='word_1_83' title='bbox 940 1309 1060 1369; x_wconf 89' lang='lat' dir='ltr'>rectius</span> <span class='ocrx_word' id='word_1_84' title='bbox 1076 1289 1095 1390; x_wconf 71' lang='grc' dir='ltr'>,Ι</span> <span class='ocrx_word' id='word_1_85' title='bbox 1110 1288 1144 1389; x_wconf 65' lang='lat' dir='ltr'>J)</span> <span class='ocrx_word' id='word_1_86' title='bbox 1152 1289 1184 1388; x_wconf 72' lang='lat' dir='ltr'>,h</span> <span class='ocrx_word' id='word_1_87' title='bbox 1200 1307 1251 1368; x_wconf 87' lang='lat' dir='ltr'>vel</span> <span class='ocrx_word' id='word_1_88' title='bbox 1268 1287 1287 1388; x_wconf 76' lang='grc' dir='ltr'>,Ι</span> <span class='ocrx_word' id='word_1_89' title='bbox 1311 1286 1386 1388; x_wconf 57' lang='lat' dir='ltr'>M</span> 
     </span>
     <span class='ocr_line' id='line_1_10' title="bbox 159 1402 1387 1486; baseline 0.001 -23"><span class='ocrx_word' id='word_1_90' title='bbox 159 1404 266 1470; x_wconf 79' lang='lat' dir='ltr'>dscribi.</span> <span class='ocrx_word' id='word_1_91' title='bbox 279 1410 515 1472; x_wconf 79' lang='lat' dir='ltr'>Vocabulorum</span> <span class='ocrx_word' id='word_1_92' title='bbox 536 1427 618 1486; x_wconf 90' lang='lat' dir='ltr'>quae</span> <span class='ocrx_word' id='word_1_93' title='bbox 637 1417 814 1473; x_wconf 85' lang='lat' dir='ltr'>excurrunt</span> <span class='ocrx_word' id='word_1_94' title='bbox 822 1407 858 1471; x_wconf 91' lang='lat' dir='ltr'>in</span> <span class='ocrx_word' id='word_1_95' title='bbox 878 1410 1022 1483; x_wconf 81' lang='lat' dir='ltr'>syllabas</span> <span class='ocrx_word' id='word_1_96' title='bbox 1043 1452 1133 1485; x_wconf 54' lang='grc' dir='ltr'>ψ,</span> <span class='ocrx_word' id='word_1_97' title='bbox 1153 1425 1181 1469; x_wconf 86' lang='grc'>6.</span> <span class='ocrx_word' id='word_1_98' title='bbox 1194 1423 1224 1481; x_wconf 89' lang='lat' dir='ltr'>g.</span> <span class='ocrx_word' id='word_1_99' title='bbox 1246 1402 1341 1484; x_wconf 79' lang='grc' dir='ltr'>ἡμένη</span> <span class='ocrx_word' id='word_1_100' title='bbox 1354 1403 1387 1464; x_wconf 77' lang='grc' dir='ltr'>ἐν</span> 
     </span>
     <span class='ocr_line' id='line_1_11' title="bbox 159 1502 1388 1588; baseline 0.002 -24"><span class='ocrx_word' id='word_1_101' title='bbox 159 1502 261 1580; x_wconf 69' lang='lat' dir='ltr'>tillem</span> <span class='ocrx_word' id='word_1_102' title='bbox 278 1515 307 1570; x_wconf 82' lang='lat' dir='ltr'><em>A</em></span> <span class='ocrx_word' id='word_1_103' title='bbox 318 1513 394 1587; x_wconf 85' lang='lat'>358,</span> <span class='ocrx_word' id='word_1_104' title='bbox 416 1516 452 1573; x_wconf 90' lang='lat' dir='ltr'>ut</span> <span class='ocrx_word' id='word_1_105' title='bbox 471 1514 622 1575; x_wconf 81' lang='lat' dir='ltr'>ultimam</span> <span class='ocrx_word' id='word_1_106' title='bbox 647 1514 808 1588; x_wconf 85' lang='lat' dir='ltr'>syllabam</span> <span class='ocrx_word' id='word_1_107' title='bbox 828 1514 1032 1587; x_wconf 88' lang='lat' dir='ltr'>corriperent,</span> <span class='ocrx_word' id='word_1_108' title='bbox 1054 1511 1190 1572; x_wconf 89' lang='lat' dir='ltr'>metrica</span> <span class='ocrx_word' id='word_1_109' title='bbox 1209 1509 1388 1570; x_wconf 82' lang='lat' dir='ltr'>necessitas</span> 
     </span>
     <span class='ocr_line' id='line_1_12' title="bbox 159 1611 1419 1708; baseline -0.01 -28"><span class='ocrx_word' id='word_1_110' title='bbox 159 1611 240 1679; x_wconf 69' lang='lat' dir='ltr'>poetas</span> <span class='ocrx_word' id='word_1_111' title='bbox 256 1613 449 1688; x_wconf 88' lang='lat' dir='ltr'>impellebat.</span> <span class='ocrx_word' id='word_1_112' title='bbox 469 1617 577 1677; x_wconf 82' lang='lat' dir='ltr'>nativi</span> <span class='ocrx_word' id='word_1_113' title='bbox 597 1618 734 1691; x_wconf 90' lang='lat' dir='ltr'>denique</span> <span class='ocrx_word' id='word_1_114' title='bbox 753 1617 931 1678; x_wconf 89' lang='lat' dir='ltr'>terminum</span> <span class='ocrx_word' id='word_1_115' title='bbox 951 1637 999 1698; x_wconf 82' lang='grc' dir='ltr'>-ῳ,</span> <span class='ocrx_word' id='word_1_116' title='bbox 1018 1615 1072 1687; x_wconf 88' lang='lat' dir='ltr'>qui</span> <span class='ocrx_word' id='word_1_117' title='bbox 1086 1614 1150 1673; x_wconf 78' lang='lat'>340</span> <span class='ocrx_word' id='word_1_118' title='bbox 1169 1612 1249 1672; x_wconf 90' lang='lat' dir='ltr'>locis</span> <span class='ocrx_word' id='word_1_119' title='bbox 1268 1625 1390 1683; x_wconf 91' lang='lat' dir='ltr'>correp·</span> <span class='ocrx_word' id='word_1_120' title='bbox 1413 1697 1419 1708; x_wconf 24' lang='grc' dir='ltr'>ι</span> 
     </span>
    </p>
   </div>
   <div class='ocr_carea' id='block_1_4' title="bbox 139 1710 1392 4224">
    <p class='ocr_par' dir='ltr' id='par_1_4' title="bbox 139 1710 1392 4224">
     <span class='ocr_line' id='line_1_13' title="bbox 158 1710 1389 1795; baseline 0.002 -27"><span class='ocrx_word' id='word_1_121' title='bbox 158 1710 362 1794; x_wconf 88' lang='lat' dir='ltr'>tusreperitur,</span> <span class='ocrx_word' id='word_1_122' title='bbox 386 1719 491 1793; x_wconf 89' lang='lat' dir='ltr'>poetis</span> <span class='ocrx_word' id='word_1_123' title='bbox 510 1720 610 1795; x_wconf 88' lang='lat' dir='ltr'>epicis</span> <span class='ocrx_word' id='word_1_124' title='bbox 628 1721 662 1781; x_wconf 92' lang='lat' dir='ltr'>in</span> <span class='ocrx_word' id='word_1_125' title='bbox 681 1720 767 1780; x_wconf 89' lang='lat' dir='ltr'>thesi</span> <span class='ocrx_word' id='word_1_126' title='bbox 786 1719 935 1780; x_wconf 88' lang='lat' dir='ltr'>sonuisse</span> <span class='ocrx_word' id='word_1_127' title='bbox 958 1738 1000 1776; x_wconf 86' lang='grc' dir='ltr'>-οι</span> <span class='ocrx_word' id='word_1_128' title='bbox 1025 1717 1104 1787; x_wconf 78' lang='grc'><strong>(1.6.</strong></span> <span class='ocrx_word' id='word_1_129' title='bbox 1126 1718 1182 1790; x_wconf 67' lang='lat' dir='ltr'>-opl</span> <span class='ocrx_word' id='word_1_130' title='bbox 1206 1712 1389 1786; x_wconf 86' lang='lat' dir='ltr'>suspicatur</span> 
     </span>
     <span class='ocr_line' id='line_1_14' title="bbox 158 1809 1388 1897; baseline 0 -26"><span class='ocrx_word' id='word_1_131' title='bbox 158 1809 255 1875; x_wconf 82' lang='lat' dir='ltr'>Gruhch</span> <span class='ocrx_word' id='word_1_132' title='bbox 276 1818 296 1878; x_wconf 91' lang='lat' dir='ltr'>l.</span> <span class='ocrx_word' id='word_1_133' title='bbox 309 1818 330 1879; x_wconf 92' lang='lat' dir='ltr'>l.</span> <span class='ocrx_word' id='word_1_134' title='bbox 355 1835 385 1894; x_wconf 92' lang='lat' dir='ltr'>p.</span> <span class='ocrx_word' id='word_1_135' title='bbox 411 1822 453 1880; x_wconf 79' lang='lat'>44</span> <span class='ocrx_word' id='word_1_136' title='bbox 477 1837 536 1897; x_wconf 73' lang='lat' dir='ltr'>sq,</span> <span class='ocrx_word' id='word_1_137' title='bbox 568 1837 650 1895; x_wconf 91' lang='lat' dir='ltr'>quae</span> <span class='ocrx_word' id='word_1_138' title='bbox 681 1824 793 1882; x_wconf 85' lang='lat' dir='ltr'>tamen</span> <span class='ocrx_word' id='word_1_139' title='bbox 824 1822 948 1880; x_wconf 91' lang='lat' dir='ltr'>incerta</span> <span class='ocrx_word' id='word_1_140' title='bbox 979 1818 1154 1879; x_wconf 89' lang='lat' dir='ltr'>admodum</span> <span class='ocrx_word' id='word_1_141' title='bbox 1186 1817 1237 1876; x_wconf 92' lang='lat' dir='ltr'>est</span> <span class='ocrx_word' id='word_1_142' title='bbox 1268 1813 1388 1875; x_wconf 89' lang='lat' dir='ltr'>coniec-</span> 
     </span>
     <span class='ocr_line' id='line_1_15' title="bbox 158 1913 1388 1986; baseline -0.011 1"><span class='ocrx_word' id='word_1_143' title='bbox 158 1913 211 1973; x_wconf 64' lang='grc'>1113</span> <span class='ocrx_word' id='word_1_144' title='bbox 231 1914 257 1986; x_wconf 83' lang='lat' dir='ltr'>&#39;l-</span> <span class='ocrx_word' id='word_1_145' title='bbox 288 1919 427 1983; x_wconf 76' lang='lat' dir='ltr'>Etiamsi</span> <span class='ocrx_word' id='word_1_146' title='bbox 461 1925 572 1985; x_wconf 85' lang='lat' dir='ltr'>autern</span> <span class='ocrx_word' id='word_1_147' title='bbox 603 1938 718 1984; x_wconf 88' lang='lat' dir='ltr'>omnes</span> <span class='ocrx_word' id='word_1_148' title='bbox 749 1923 918 1983; x_wconf 90' lang='lat' dir='ltr'>machinas</span> <span class='ocrx_word' id='word_1_149' title='bbox 949 1921 1184 1981; x_wconf 86' lang='lat' dir='ltr'>admoveamus</span> <span class='ocrx_word' id='word_1_150' title='bbox 1213 1916 1254 1976; x_wconf 91' lang='lat' dir='ltr'>ad</span> <span class='ocrx_word' id='word_1_151' title='bbox 1283 1913 1388 1974; x_wconf 92' lang='lat' dir='ltr'>immi-</span> 
     </span>
     <span class='ocr_line' id='line_1_16' title="bbox 156 2015 1390 2104; baseline 0.002 -32"><span class='ocrx_word' id='word_1_152' title='bbox 156 2019 286 2081; x_wconf 88' lang='lat' dir='ltr'>nuendum</span> <span class='ocrx_word' id='word_1_153' title='bbox 308 2037 483 2084; x_wconf 91' lang='lat' dir='ltr'>numerum</span> <span class='ocrx_word' id='word_1_154' title='bbox 500 2025 655 2101; x_wconf 90' lang='lat' dir='ltr'>locorum,</span> <span class='ocrx_word' id='word_1_155' title='bbox 679 2025 796 2098; x_wconf 88' lang='lat' dir='ltr'>quibus</span> <span class='ocrx_word' id='word_1_156' title='bbox 818 2024 1006 2098; x_wconf 84' lang='lat' dir='ltr'>diphthongi</span> <span class='ocrx_word' id='word_1_157' title='bbox 1025 2044 1059 2104; x_wconf 76' lang='grc' dir='ltr'>-ῃ</span> <span class='ocrx_word' id='word_1_158' title='bbox 1080 2023 1113 2081; x_wconf 89' lang='lat' dir='ltr'>et</span> <span class='ocrx_word' id='word_1_159' title='bbox 1132 2042 1170 2103; x_wconf 83' lang='grc' dir='ltr'>-ῳ</span> <span class='ocrx_word' id='word_1_160' title='bbox 1189 2017 1241 2078; x_wconf 86' lang='lat' dir='ltr'>vel</span> <span class='ocrx_word' id='word_1_161' title='bbox 1261 2015 1390 2077; x_wconf 87' lang='lat' dir='ltr'>vocales</span> 
     </span>
     <span class='ocr_line' id='line_1_17' title="bbox 156 2118 1390 2203; baseline -0.002 -25"><span class='ocrx_word' id='word_1_162' title='bbox 156 2137 181 2191; x_wconf 79' lang='grc' dir='ltr'>-η</span> <span class='ocrx_word' id='word_1_163' title='bbox 202 2122 227 2179; x_wconf 89' lang='lat' dir='ltr'>et</span> <span class='ocrx_word' id='word_1_164' title='bbox 250 2145 283 2182; x_wconf 84' lang='grc' dir='ltr'>-ω</span> <span class='ocrx_word' id='word_1_165' title='bbox 314 2126 532 2201; x_wconf 84' lang='lat' dir='ltr'>corripiendas</span> <span class='ocrx_word' id='word_1_166' title='bbox 563 2128 649 2203; x_wconf 90' lang='lat' dir='ltr'>sunt,</span> <span class='ocrx_word' id='word_1_167' title='bbox 681 2129 806 2187; x_wconf 89' lang='lat' dir='ltr'>restant</span> <span class='ocrx_word' id='word_1_168' title='bbox 836 2129 948 2187; x_wconf 90' lang='lat' dir='ltr'>tamen</span> <span class='ocrx_word' id='word_1_169' title='bbox 978 2125 1060 2185; x_wconf 87' lang='lat' dir='ltr'>satis</span> <span class='ocrx_word' id='word_1_170' title='bbox 1091 2122 1186 2183; x_wconf 90' lang='lat' dir='ltr'>multi</span> <span class='ocrx_word' id='word_1_171' title='bbox 1217 2120 1271 2193; x_wconf 87' lang='lat' dir='ltr'>qui</span> <span class='ocrx_word' id='word_1_172' title='bbox 1301 2118 1390 2178; x_wconf 91' lang='lat' dir='ltr'>omni</span> 
     </span>
     <span class='ocr_line' id='line_1_18' title="bbox 155 2217 1390 2306; baseline -0.002 -29"><span class='ocrx_word' id='word_1_173' title='bbox 155 2225 330 2287; x_wconf 80' lang='lat' dir='ltr'>excusatione</span> <span class='ocrx_word' id='word_1_174' title='bbox 365 2230 486 2305; x_wconf 82' lang='lat' dir='ltr'>curent,</span> <span class='ocrx_word' id='word_1_175' title='bbox 523 2245 550 2290; x_wconf 89' lang='lat' dir='ltr'>e.</span> <span class='ocrx_word' id='word_1_176' title='bbox 573 2244 603 2304; x_wconf 80' lang='lat' dir='ltr'>g.</span> <span class='ocrx_word' id='word_1_177' title='bbox 635 2221 720 2306; x_wconf 64' lang='lat' dir='ltr'>nobit</span> <span class='ocrx_word' id='word_1_178' title='bbox 749 2228 838 2302; x_wconf 74' lang='grc' dir='ltr'><strong><em>ἱξεται</em></strong></span> <span class='ocrx_word' id='word_1_179' title='bbox 869 2232 898 2287; x_wconf 85' lang='grc' dir='ltr'><em>Α</em></span> <span class='ocrx_word' id='word_1_180' title='bbox 926 2228 1000 2303; x_wconf 82' lang='grc'><strong>240,</strong></span> <span class='ocrx_word' id='word_1_181' title='bbox 1033 2218 1109 2303; x_wconf 79' lang='grc' dir='ltr'><strong><em>δεῦρ’</em></strong></span> <span class='ocrx_word' id='word_1_182' title='bbox 1136 2222 1186 2282; x_wconf 83' lang='grc' dir='ltr'>ἴτῶ</span> <span class='ocrx_word' id='word_1_183' title='bbox 1211 2217 1243 2280; x_wconf 74' lang='grc' dir='ltr'>ἐκ</span> <span class='ocrx_word' id='word_1_184' title='bbox 1270 2218 1390 2279; x_wconf 81' lang='grc' dir='ltr'><strong><em>πάντων</em></strong></span> 
     </span>
     <span class='ocr_line' id='line_1_19' title="bbox 154 2320 1390 2405; baseline -0.007 -17"><span class='ocrx_word' id='word_1_185' title='bbox 154 2320 368 2401; x_wconf 71' lang='lat' dir='ltr'>ditiaque</span> <span class='ocrx_word' id='word_1_186' title='bbox 391 2345 447 2404; x_wconf 92' lang='lat' dir='ltr'>pro</span> <span class='ocrx_word' id='word_1_187' title='bbox 471 2333 558 2392; x_wconf 87' lang='lat' dir='ltr'>certo</span> <span class='ocrx_word' id='word_1_188' title='bbox 581 2332 642 2393; x_wconf 93' lang='lat' dir='ltr'>hoc</span> <span class='ocrx_word' id='word_1_189' title='bbox 664 2346 767 2391; x_wconf 91' lang='lat' dir='ltr'>unum</span> <span class='ocrx_word' id='word_1_190' title='bbox 789 2333 898 2405; x_wconf 89' lang='lat' dir='ltr'>potest</span> <span class='ocrx_word' id='word_1_191' title='bbox 916 2328 1082 2402; x_wconf 82' lang='lat' dir='ltr'>affirmari,</span> <span class='ocrx_word' id='word_1_192' title='bbox 1106 2327 1139 2386; x_wconf 89' lang='lat' dir='ltr'>in</span> <span class='ocrx_word' id='word_1_193' title='bbox 1160 2322 1390 2384; x_wconf 88' lang='lat' dir='ltr'>vocabulorum</span> 
     </span>
     <span class='ocr_line' id='line_1_20' title="bbox 152 2423 1390 2508; baseline -0.006 -20"><span class='ocrx_word' id='word_1_194' title='bbox 152 2425 301 2489; x_wconf 82' lang='lat' dir='ltr'>comiseura</span> <span class='ocrx_word' id='word_1_195' title='bbox 327 2431 451 2504; x_wconf 87' lang='lat' dir='ltr'>passim</span> <span class='ocrx_word' id='word_1_196' title='bbox 483 2433 596 2507; x_wconf 88' lang='lat' dir='ltr'>corripi</span> <span class='ocrx_word' id='word_1_197' title='bbox 617 2433 830 2508; x_wconf 81' lang='lat' dir='ltr'>diphthongos</span> <span class='ocrx_word' id='word_1_198' title='bbox 853 2454 898 2490; x_wconf 81' lang='grc' dir='ltr'>-αι</span> <span class='ocrx_word' id='word_1_199' title='bbox 929 2452 971 2490; x_wconf 84' lang='grc' dir='ltr'>-οι</span> <span class='ocrx_word' id='word_1_200' title='bbox 994 2450 1043 2505; x_wconf 83' lang='grc' dir='ltr'><em>-ει,</em></span> <span class='ocrx_word' id='word_1_201' title='bbox 1064 2427 1167 2488; x_wconf 89' lang='lat' dir='ltr'>multo</span> <span class='ocrx_word' id='word_1_202' title='bbox 1187 2439 1262 2486; x_wconf 90' lang='lat' dir='ltr'>vero</span> <span class='ocrx_word' id='word_1_203' title='bbox 1285 2423 1390 2484; x_wconf 90' lang='lat' dir='ltr'>rarius</span> 
     </span>
     <span class='ocr_line' id='line_1_21' title="bbox 149 2523 1389 2608; baseline -0.002 -22"><span class='ocrx_word' id='word_1_204' title='bbox 149 2523 212 2586; x_wconf 80' lang='lat' dir='ltr'>alias</span> <span class='ocrx_word' id='word_1_205' title='bbox 229 2529 437 2607; x_wconf 88' lang='lat' dir='ltr'>diphthongos</span> <span class='ocrx_word' id='word_1_206' title='bbox 460 2534 613 2608; x_wconf 84' lang='lat' dir='ltr'>longaeve</span> <span class='ocrx_word' id='word_1_207' title='bbox 638 2535 776 2596; x_wconf 86' lang='lat' dir='ltr'>vocales.</span> <span class='ocrx_word' id='word_1_208' title='bbox 802 2534 884 2594; x_wconf 89' lang='lat' dir='ltr'>Hinc</span> <span class='ocrx_word' id='word_1_209' title='bbox 908 2533 999 2593; x_wconf 91' lang='lat' dir='ltr'>illam</span> <span class='ocrx_word' id='word_1_210' title='bbox 1024 2530 1257 2604; x_wconf 90' lang='lat' dir='ltr'>correptionem</span> <span class='ocrx_word' id='word_1_211' title='bbox 1288 2525 1389 2585; x_wconf 85' lang='lat' dir='ltr'>fuisse</span> 
     </span>
     <span class='ocr_line' id='line_1_22' title="bbox 146 2625 1391 2712; baseline -0.005 -21"><span class='ocrx_word' id='word_1_212' title='bbox 146 2625 310 2709; x_wconf 69' lang='lat' dir='ltr'>icaunam,</span> <span class='ocrx_word' id='word_1_213' title='bbox 331 2635 416 2696; x_wconf 89' lang='lat' dir='ltr'>hanc</span> <span class='ocrx_word' id='word_1_214' title='bbox 436 2637 544 2697; x_wconf 92' lang='lat' dir='ltr'>minus</span> <span class='ocrx_word' id='word_1_215' title='bbox 564 2637 698 2712; x_wconf 89' lang='lat' dir='ltr'>licitam,</span> <span class='ocrx_word' id='word_1_216' title='bbox 727 2637 797 2696; x_wconf 84' lang='lat' dir='ltr'>veri</span> <span class='ocrx_word' id='word_1_217' title='bbox 823 2635 858 2696; x_wconf 83' lang='lat' dir='ltr'>fit</span> <span class='ocrx_word' id='word_1_218' title='bbox 879 2635 997 2709; x_wconf 90' lang='lat' dir='ltr'>simile,</span> <span class='ocrx_word' id='word_1_219' title='bbox 1022 2635 1055 2694; x_wconf 89' lang='lat' dir='ltr'>et</span> <span class='ocrx_word' id='word_1_220' title='bbox 1067 2631 1216 2693; x_wconf 86' lang='lat' dir='ltr'>credibile</span> <span class='ocrx_word' id='word_1_221' title='bbox 1229 2627 1391 2701; x_wconf 87' lang='lat' dir='ltr'>igiturest</span> 
     </span>
     <span class='ocr_line' id='line_1_23' title="bbox 145 2728 1390 2813; baseline -0.006 -19"><span class='ocrx_word' id='word_1_222' title='bbox 145 2728 170 2788; x_wconf 83' lang='lat' dir='ltr'>id</span> <span class='ocrx_word' id='word_1_223' title='bbox 193 2735 264 2805; x_wconf 81' lang='lat' dir='ltr'>quod</span> <span class='ocrx_word' id='word_1_224' title='bbox 295 2738 481 2810; x_wconf 90' lang='lat' dir='ltr'>suspicatur</span> <span class='ocrx_word' id='word_1_225' title='bbox 511 2737 651 2813; x_wconf 80' lang='lat' dir='ltr'>Grulich,</span> <span class='ocrx_word' id='word_1_226' title='bbox 684 2739 867 2811; x_wconf 89' lang='lat' dir='ltr'>analogiam</span> <span class='ocrx_word' id='word_1_227' title='bbox 892 2737 1039 2799; x_wconf 87' lang='lat' dir='ltr'>effecisse</span> <span class='ocrx_word' id='word_1_228' title='bbox 1062 2737 1099 2794; x_wconf 94' lang='lat' dir='ltr'>ut</span> <span class='ocrx_word' id='word_1_229' title='bbox 1122 2736 1239 2793; x_wconf 88' lang='lat' dir='ltr'>borum</span> <span class='ocrx_word' id='word_1_230' title='bbox 1265 2743 1390 2803; x_wconf 87' lang='lat' dir='ltr'>quoque</span> 
     </span>
     <span class='ocr_line' id='line_1_24' title="bbox 143 2830 1391 2914; baseline 0 -25"><span class='ocrx_word' id='word_1_231' title='bbox 143 2843 272 2895; x_wconf 89' lang='lat' dir='ltr'>sonorum</span> <span class='ocrx_word' id='word_1_232' title='bbox 301 2839 460 2912; x_wconf 87' lang='lat' dir='ltr'>correptio</span> <span class='ocrx_word' id='word_1_233' title='bbox 490 2840 613 2900; x_wconf 90' lang='lat' dir='ltr'>sensim</span> <span class='ocrx_word' id='word_1_234' title='bbox 636 2855 692 2914; x_wconf 90' lang='lat' dir='ltr'>pro</span> <span class='ocrx_word' id='word_1_235' title='bbox 717 2855 871 2900; x_wconf 89' lang='lat' dir='ltr'>concessa</span> <span class='ocrx_word' id='word_1_236' title='bbox 894 2838 1076 2912; x_wconf 85' lang='lat' dir='ltr'>haberetur,</span> <span class='ocrx_word' id='word_1_237' title='bbox 1101 2850 1175 2896; x_wconf 91' lang='lat' dir='ltr'>cum</span> <span class='ocrx_word' id='word_1_238' title='bbox 1200 2834 1278 2893; x_wconf 91' lang='lat' dir='ltr'>olim</span> <span class='ocrx_word' id='word_1_239' title='bbox 1302 2830 1391 2890; x_wconf 86' lang='lat' dir='ltr'>solae</span> 
     </span>
     <span class='ocr_line' id='line_1_25' title="bbox 141 2930 1389 3016; baseline -0.002 -23"><span class='ocrx_word' id='word_1_240' title='bbox 141 2930 306 3012; x_wconf 86' lang='lat' dir='ltr'>diphthongi</span> <span class='ocrx_word' id='word_1_241' title='bbox 335 2960 381 2997; x_wconf 83' lang='grc' dir='ltr'>-αι</span> <span class='ocrx_word' id='word_1_242' title='bbox 403 2960 447 2998; x_wconf 84' lang='grc' dir='ltr'>-οι</span> <span class='ocrx_word' id='word_1_243' title='bbox 470 2960 509 2999; x_wconf 84' lang='grc' dir='ltr'>-ει</span> <span class='ocrx_word' id='word_1_244' title='bbox 533 2941 731 3016; x_wconf 88' lang='lat' dir='ltr'>placuissent</span> <span class='ocrx_word' id='word_1_245' title='bbox 762 2942 936 3015; x_wconf 87' lang='lat' dir='ltr'>correptae.</span> <span class='ocrx_word' id='word_1_246' title='bbox 970 2940 1021 2998; x_wconf 87' lang='lat' dir='ltr'>An</span> <span class='ocrx_word' id='word_1_247' title='bbox 1046 2938 1153 3013; x_wconf 88' lang='lat' dir='ltr'>potius</span> <span class='ocrx_word' id='word_1_248' title='bbox 1178 2933 1389 2995; x_wconf 91' lang='lat' dir='ltr'>statuendum</span> 
     </span>
     <span class='ocr_line' id='line_1_26' title="bbox 140 3036 1390 3122; baseline -0.005 -23"><span class='ocrx_word' id='word_1_249' title='bbox 140 3036 189 3109; x_wconf 73' lang='lat' dir='ltr'>esi,</span> <span class='ocrx_word' id='word_1_250' title='bbox 215 3038 245 3098; x_wconf 92' lang='lat' dir='ltr'>in</span> <span class='ocrx_word' id='word_1_251' title='bbox 278 3041 360 3100; x_wconf 87' lang='lat' dir='ltr'>artis</span> <span class='ocrx_word' id='word_1_252' title='bbox 390 3042 498 3115; x_wconf 87' lang='lat' dir='ltr'>spicae</span> <span class='ocrx_word' id='word_1_253' title='bbox 526 3042 662 3104; x_wconf 83' lang='lat' dir='ltr'>infantia</span> <span class='ocrx_word' id='word_1_254' title='bbox 686 3043 900 3122; x_wconf 86' lang='lat' dir='ltr'>diphthongos</span> <span class='ocrx_word' id='word_1_255' title='bbox 925 3042 1100 3114; x_wconf 87' lang='lat' dir='ltr'>longasque</span> <span class='ocrx_word' id='word_1_256' title='bbox 1124 3038 1254 3099; x_wconf 89' lang='lat' dir='ltr'>vocales</span> <span class='ocrx_word' id='word_1_257' title='bbox 1276 3048 1390 3096; x_wconf 90' lang='lat' dir='ltr'>ornnes</span> 
     </span>
     <span class='ocr_line' id='line_1_27' title="bbox 139 3137 1390 3218; baseline -0.002 -19"><span class='ocrx_word' id='word_1_258' title='bbox 139 3137 196 3198; x_wconf 80' lang='lat' dir='ltr'>siue</span> <span class='ocrx_word' id='word_1_259' title='bbox 221 3141 404 3203; x_wconf 91' lang='lat' dir='ltr'>discrimine</span> <span class='ocrx_word' id='word_1_260' title='bbox 434 3159 490 3218; x_wconf 90' lang='lat' dir='ltr'>pro</span> <span class='ocrx_word' id='word_1_261' title='bbox 521 3144 673 3205; x_wconf 87' lang='lat' dir='ltr'>brevibus</span> <span class='ocrx_word' id='word_1_262' title='bbox 696 3144 831 3218; x_wconf 88' lang='lat' dir='ltr'>syllabis</span> <span class='ocrx_word' id='word_1_263' title='bbox 854 3159 927 3205; x_wconf 89' lang='lat' dir='ltr'>esse</span> <span class='ocrx_word' id='word_1_264' title='bbox 949 3144 1122 3217; x_wconf 87' lang='lat' dir='ltr'>usurpatas</span> <span class='ocrx_word' id='word_1_265' title='bbox 1150 3141 1179 3201; x_wconf 90' lang='lat' dir='ltr'>si</span> <span class='ocrx_word' id='word_1_266' title='bbox 1202 3138 1390 3212; x_wconf 89' lang='lat' dir='ltr'>sequeretur</span> 
     </span>
     <span class='ocr_line' id='line_1_28' title="bbox 140 3240 1390 3323; baseline -0.001 -24"><span class='ocrx_word' id='word_1_267' title='bbox 140 3241 251 3318; x_wconf 76' lang='lat' dir='ltr'>vocalis,</span> <span class='ocrx_word' id='word_1_268' title='bbox 283 3246 397 3319; x_wconf 88' lang='lat' dir='ltr'>postea</span> <span class='ocrx_word' id='word_1_269' title='bbox 432 3261 507 3307; x_wconf 86' lang='lat' dir='ltr'>vero</span> <span class='ocrx_word' id='word_1_270' title='bbox 538 3262 655 3307; x_wconf 88' lang='lat' dir='ltr'>sonum</span> <span class='ocrx_word' id='word_1_271' title='bbox 687 3269 720 3323; x_wconf 63' lang='lat' dir='ltr'>ap</span> <span class='ocrx_word' id='word_1_272' title='bbox 752 3247 803 3306; x_wconf 86' lang='lat' dir='ltr'>vel</span> <span class='ocrx_word' id='word_1_273' title='bbox 835 3268 873 3306; x_wconf 83' lang='grc' dir='ltr'>-ω</span> <span class='ocrx_word' id='word_1_274' title='bbox 905 3246 1088 3319; x_wconf 87' lang='lat' dir='ltr'>correptum</span> <span class='ocrx_word' id='word_1_275' title='bbox 1120 3242 1333 3318; x_wconf 87' lang='lat' dir='ltr'>displicuisse,</span> <span class='ocrx_word' id='word_1_276' title='bbox 1357 3240 1390 3299; x_wconf 92' lang='lat' dir='ltr'>et</span> 
     </span>
     <span class='ocr_line' id='line_1_29' title="bbox 140 3338 1390 3421; baseline 0.001 -22"><span class='ocrx_word' id='word_1_277' title='bbox 140 3338 200 3401; x_wconf 89' lang='lat' dir='ltr'>hinc</span> <span class='ocrx_word' id='word_1_278' title='bbox 229 3347 376 3406; x_wconf 86' lang='lat' dir='ltr'>cantores</span> <span class='ocrx_word' id='word_1_279' title='bbox 407 3361 426 3406; x_wconf 92' lang='lat' dir='ltr'>a</span> <span class='ocrx_word' id='word_1_280' title='bbox 459 3347 579 3419; x_wconf 89' lang='lat' dir='ltr'>talibus</span> <span class='ocrx_word' id='word_1_281' title='bbox 613 3348 674 3408; x_wconf 88' lang='lat' dir='ltr'>sibi</span> <span class='ocrx_word' id='word_1_282' title='bbox 709 3347 814 3421; x_wconf 91' lang='lat' dir='ltr'>magis</span> <span class='ocrx_word' id='word_1_283' title='bbox 853 3348 1021 3420; x_wconf 87' lang='lat' dir='ltr'>magisque</span> <span class='ocrx_word' id='word_1_284' title='bbox 1056 3347 1268 3419; x_wconf 87' lang='lat' dir='ltr'>temperasse,</span> <span class='ocrx_word' id='word_1_285' title='bbox 1303 3341 1390 3402; x_wconf 86' lang='lat' dir='ltr'>solas</span> 
     </span>
     <span class='ocr_line' id='line_1_30' title="bbox 140 3439 1390 3524; baseline 0.003 -25"><span class='ocrx_word' id='word_1_286' title='bbox 140 3439 334 3520; x_wconf 89' lang='lat' dir='ltr'>diphthongos</span> <span class='ocrx_word' id='word_1_287' title='bbox 357 3469 401 3504; x_wconf 84' lang='grc' dir='ltr'>-αι</span> <span class='ocrx_word' id='word_1_288' title='bbox 425 3469 467 3506; x_wconf 88' lang='grc' dir='ltr'>-οι</span> <span class='ocrx_word' id='word_1_289' title='bbox 491 3470 529 3508; x_wconf 82' lang='grc' dir='ltr'>-ει</span> <span class='ocrx_word' id='word_1_290' title='bbox 553 3449 711 3524; x_wconf 85' lang='lat' dir='ltr'>corripere</span> <span class='ocrx_word' id='word_1_291' title='bbox 735 3451 888 3524; x_wconf 89' lang='lat' dir='ltr'>perpetuo</span> <span class='ocrx_word' id='word_1_292' title='bbox 912 3463 1103 3509; x_wconf 89' lang='lat' dir='ltr'>concessum</span> <span class='ocrx_word' id='word_1_293' title='bbox 1124 3447 1186 3507; x_wconf 91' lang='lat' dir='ltr'>sibi</span> <span class='ocrx_word' id='word_1_294' title='bbox 1211 3445 1390 3506; x_wconf 83' lang='lat' dir='ltr'>ducentes?</span> 
     </span>
     <span class='ocr_line' id='line_1_31' title="bbox 141 3539 1390 3622; baseline 0.001 -19"><span class='ocrx_word' id='word_1_295' title='bbox 141 3540 183 3601; x_wconf 86' lang='lat' dir='ltr'>Ita</span> <span class='ocrx_word' id='word_1_296' title='bbox 207 3561 264 3606; x_wconf 92' lang='lat' dir='ltr'>non</span> <span class='ocrx_word' id='word_1_297' title='bbox 294 3548 461 3622; x_wconf 85' lang='lat' dir='ltr'>gliscentis</span> <span class='ocrx_word' id='word_1_298' title='bbox 486 3551 655 3611; x_wconf 86' lang='lat' dir='ltr'>cuiusdam</span> <span class='ocrx_word' id='word_1_299' title='bbox 683 3552 833 3612; x_wconf 91' lang='lat' dir='ltr'>licentiae</span> <span class='ocrx_word' id='word_1_300' title='bbox 856 3551 973 3611; x_wconf 90' lang='lat' dir='ltr'>indicia</span> <span class='ocrx_word' id='word_1_301' title='bbox 997 3550 1117 3610; x_wconf 86' lang='lat' dir='ltr'>fuerint</span> <span class='ocrx_word' id='word_1_302' title='bbox 1139 3549 1196 3609; x_wconf 90' lang='lat' dir='ltr'>illa</span> <span class='ocrx_word' id='word_1_303' title='bbox 1219 3539 1294 3607; x_wconf 71' lang='grc' dir='ltr'><strong>ὀκτὼ</strong></span> <span class='ocrx_word' id='word_1_304' title='bbox 1317 3543 1390 3622; x_wconf 78' lang='grc' dir='ltr'><em>ἀτάρ</em></span> 
     </span>
     <span class='ocr_line' id='line_1_32' title="bbox 142 3644 1392 3732; baseline -0.003 -21"><span class='ocrx_word' id='word_1_305' title='bbox 142 3644 171 3702; x_wconf 69' lang='lat' dir='ltr'>et</span> <span class='ocrx_word' id='word_1_306' title='bbox 193 3645 267 3732; x_wconf 66' lang='grc' dir='ltr'>πόθῇ</span> <span class='ocrx_word' id='word_1_307' title='bbox 298 3648 335 3710; x_wconf 83' lang='grc' dir='ltr'>οὐ</span> <span class='ocrx_word' id='word_1_308' title='bbox 366 3652 400 3711; x_wconf 91' lang='lat' dir='ltr'>et</span> <span class='ocrx_word' id='word_1_309' title='bbox 426 3651 557 3728; x_wconf 91' lang='lat' dir='ltr'>similia,</span> <span class='ocrx_word' id='word_1_310' title='bbox 582 3655 639 3713; x_wconf 89' lang='lat' dir='ltr'>sed</span> <span class='ocrx_word' id='word_1_311' title='bbox 663 3654 784 3715; x_wconf 88' lang='lat' dir='ltr'>veteris</span> <span class='ocrx_word' id='word_1_312' title='bbox 808 3654 945 3726; x_wconf 89' lang='lat' dir='ltr'>vestigia</span> <span class='ocrx_word' id='word_1_313' title='bbox 968 3651 1062 3712; x_wconf 89' lang='lat' dir='ltr'>ruris.</span> <span class='ocrx_word' id='word_1_314' title='bbox 1088 3651 1175 3727; x_wconf 81' lang='lat' dir='ltr'>Quae</span> <span class='ocrx_word' id='word_1_315' title='bbox 1199 3648 1392 3724; x_wconf 85' lang='lat' dir='ltr'>probabilior</span> 
     </span>
     <span class='ocr_line' id='line_1_33' title="bbox 141 3743 1391 3829; baseline 0.006 -28"><span class='ocrx_word' id='word_1_316' title='bbox 141 3743 199 3805; x_wconf 89' lang='lat' dir='ltr'>ideo</span> <span class='ocrx_word' id='word_1_317' title='bbox 219 3750 342 3813; x_wconf 85' lang='lat' dir='ltr'>ridetur</span> <span class='ocrx_word' id='word_1_318' title='bbox 364 3754 513 3828; x_wconf 89' lang='lat' dir='ltr'>suspicio,</span> <span class='ocrx_word' id='word_1_319' title='bbox 538 3755 622 3829; x_wconf 90' lang='lat' dir='ltr'>quod</span> <span class='ocrx_word' id='word_1_320' title='bbox 645 3757 719 3829; x_wconf 90' lang='lat' dir='ltr'>post</span> <span class='ocrx_word' id='word_1_321' title='bbox 743 3755 922 3815; x_wconf 88' lang='lat' dir='ltr'>Homerum</span> <span class='ocrx_word' id='word_1_322' title='bbox 944 3753 996 3813; x_wconf 92' lang='lat' dir='ltr'>hic</span> <span class='ocrx_word' id='word_1_323' title='bbox 1020 3768 1093 3812; x_wconf 91' lang='lat' dir='ltr'>mos</span> <span class='ocrx_word' id='word_1_324' title='bbox 1112 3753 1145 3812; x_wconf 93' lang='lat' dir='ltr'>in</span> <span class='ocrx_word' id='word_1_325' title='bbox 1165 3753 1234 3811; x_wconf 89' lang='lat' dir='ltr'>arte</span> <span class='ocrx_word' id='word_1_326' title='bbox 1254 3751 1391 3810; x_wconf 88' lang='lat' dir='ltr'>metrica</span> 
     </span>
     <span class='ocr_line' id='line_1_34' title="bbox 142 3852 1389 3926; baseline 0.005 -23"><span class='ocrx_word' id='word_1_327' title='bbox 142 3859 195 3906; x_wconf 90' lang='lat' dir='ltr'>non</span> <span class='ocrx_word' id='word_1_328' title='bbox 218 3853 410 3926; x_wconf 86' lang='lat' dir='ltr'>percrebruit</span> <span class='ocrx_word' id='word_1_329' title='bbox 439 3856 562 3916; x_wconf 90' lang='lat' dir='ltr'>sensim</span> <span class='ocrx_word' id='word_1_330' title='bbox 592 3857 648 3917; x_wconf 91' lang='lat' dir='ltr'>sed</span> <span class='ocrx_word' id='word_1_331' title='bbox 672 3856 844 3918; x_wconf 88' lang='lat' dir='ltr'>artioribus</span> <span class='ocrx_word' id='word_1_332' title='bbox 875 3857 975 3916; x_wconf 88' lang='lat' dir='ltr'>etiam</span> <span class='ocrx_word' id='word_1_333' title='bbox 999 3855 1116 3915; x_wconf 89' lang='lat' dir='ltr'>finibus</span> <span class='ocrx_word' id='word_1_334' title='bbox 1144 3855 1196 3914; x_wconf 90' lang='lat' dir='ltr'>est</span> <span class='ocrx_word' id='word_1_335' title='bbox 1219 3852 1389 3923; x_wconf 90' lang='lat' dir='ltr'>cohibitus,</span> 
     </span>
     <span class='ocr_line' id='line_1_35' title="bbox 142 3944 1390 4033; baseline 0.002 -22"><span class='ocrx_word' id='word_1_336' title='bbox 142 3944 183 4005; x_wconf 73' lang='lat' dir='ltr'>ita</span> <span class='ocrx_word' id='word_1_337' title='bbox 205 3955 237 4011; x_wconf 92' lang='lat' dir='ltr'>ut</span> <span class='ocrx_word' id='word_1_338' title='bbox 263 3953 296 4014; x_wconf 94' lang='lat' dir='ltr'>in</span> <span class='ocrx_word' id='word_1_339' title='bbox 326 3954 464 4029; x_wconf 87' lang='lat' dir='ltr'>dactylis</span> <span class='ocrx_word' id='word_1_340' title='bbox 491 3959 524 4018; x_wconf 92' lang='lat' dir='ltr'>et</span> <span class='ocrx_word' id='word_1_341' title='bbox 547 3959 732 4033; x_wconf 89' lang='lat' dir='ltr'>anapaestis</span> <span class='ocrx_word' id='word_1_342' title='bbox 756 3959 825 4017; x_wconf 91' lang='lat' dir='ltr'>soni</span> <span class='ocrx_word' id='word_1_343' title='bbox 848 3957 963 4018; x_wconf 82' lang='lat' dir='ltr'>finales</span> <span class='ocrx_word' id='word_1_344' title='bbox 986 3979 1030 4014; x_wconf 81' lang='grc' dir='ltr'>-αι</span> <span class='ocrx_word' id='word_1_345' title='bbox 1055 3959 1087 4016; x_wconf 92' lang='lat' dir='ltr'>et</span> <span class='ocrx_word' id='word_1_346' title='bbox 1112 3977 1154 4014; x_wconf 84' lang='grc' dir='ltr'>-οι</span> <span class='ocrx_word' id='word_1_347' title='bbox 1179 3954 1314 4027; x_wconf 87' lang='lat' dir='ltr'>correpti</span> <span class='ocrx_word' id='word_1_348' title='bbox 1338 3954 1390 4013; x_wconf 93' lang='lat' dir='ltr'>hic</span> 
     </span>
     <span class='ocr_line' id='line_1_36' title="bbox 143 4045 1389 4134; baseline 0.008 -29"><span class='ocrx_word' id='word_1_349' title='bbox 143 4045 198 4110; x_wconf 90' lang='lat' dir='ltr'>illic</span> <span class='ocrx_word' id='word_1_350' title='bbox 215 4053 424 4134; x_wconf 81' lang='lat' dir='ltr'>inveniantur,</span> <span class='ocrx_word' id='word_1_351' title='bbox 456 4059 599 4134; x_wconf 88' lang='lat' dir='ltr'>reliquae</span> <span class='ocrx_word' id='word_1_352' title='bbox 623 4075 699 4121; x_wconf 88' lang='lat' dir='ltr'>vero</span> <span class='ocrx_word' id='word_1_353' title='bbox 722 4060 908 4120; x_wconf 88' lang='lat' dir='ltr'>huiusmodi</span> <span class='ocrx_word' id='word_1_354' title='bbox 931 4059 1147 4134; x_wconf 87' lang='lat' dir='ltr'>correptiones</span> <span class='ocrx_word' id='word_1_355' title='bbox 1172 4057 1226 4116; x_wconf 86' lang='lat' dir='ltr'>vix</span> <span class='ocrx_word' id='word_1_356' title='bbox 1251 4070 1389 4128; x_wconf 86' lang='lat' dir='ltr'>usquam</span> 
     </span>
     <span class='ocr_line' id='line_1_37' title="bbox 145 4160 306 4224; baseline -0.019 -2"><span class='ocrx_word' id='word_1_357' title='bbox 145 4160 306 4224; x_wconf 71' lang='lat' dir='ltr'>aiiliureant.</span> 
     </span>
    </p>
   </div>
   <div class='ocr_carea' id='block_1_5' title="bbox 147 4337 339 4355">
    <p class='ocr_par' dir='ltr' id='par_1_5' title="bbox 147 4337 339 4355">
     <span class='ocr_line' id='line_1_38' title="bbox 147 4337 339 4355; baseline 0 0"><span class='ocrx_word' id='word_1_358' title='bbox 147 4337 339 4355; x_wconf 60' lang='lat'>⁵⁸⁸—-————-</span> 
     </span>
    </p>
   </div>
   <div class='ocr_carea' id='block_1_6' title="bbox 143 4493 1389 4648">
    <p class='ocr_par' dir='ltr' id='par_1_6' title="bbox 143 4493 1389 4648">
     <span class='ocr_line' id='line_1_39' title="bbox 172 4493 1389 4571; baseline 0.008 -24"><span class='ocrx_word' id='word_1_359' title='bbox 172 4493 187 4560; x_wconf 88' lang='lat'>¹)</span> <span class='ocrx_word' id='word_1_360' title='bbox 203 4501 252 4550; x_wconf 80' lang='lat' dir='ltr'>Veri</span> <span class='ocrx_word' id='word_1_361' title='bbox 276 4505 344 4553; x_wconf 71' lang='lat' dir='ltr'>hand</span> <span class='ocrx_word' id='word_1_362' title='bbox 363 4506 515 4554; x_wconf 85' lang='lat' dir='ltr'>dissimilem</span> <span class='ocrx_word' id='word_1_363' title='bbox 532 4506 646 4554; x_wconf 80' lang='lat' dir='ltr'>iudicant</span> <span class='ocrx_word' id='word_1_364' title='bbox 670 4503 799 4567; x_wconf 67' lang='grc' dir='ltr'>(1.1116γ612</span> <span class='ocrx_word' id='word_1_365' title='bbox 822 4522 846 4567; x_wconf 90' lang='lat' dir='ltr'>p.</span> <span class='ocrx_word' id='word_1_366' title='bbox 866 4511 914 4556; x_wconf 76' lang='lat'>340</span> <span class='ocrx_word' id='word_1_367' title='bbox 932 4509 1000 4564; x_wconf 85' lang='lat' dir='ltr'>(coll.</span> <span class='ocrx_word' id='word_1_368' title='bbox 1019 4512 1040 4554; x_wconf 84' lang='lat' dir='ltr'><em>B</em></span> <span class='ocrx_word' id='word_1_369' title='bbox 1059 4504 1127 4571; x_wconf 82' lang='lat' dir='ltr'>tra),</span> <span class='ocrx_word' id='word_1_370' title='bbox 1148 4510 1259 4567; x_wconf 84' lang='lat' dir='ltr'>Vogrinz</span> <span class='ocrx_word' id='word_1_371' title='bbox 1276 4511 1389 4557; x_wconf 84' lang='lat' dir='ltr'>Gramm.</span> 
     </span>
     <span class='ocr_line' id='line_1_40' title="bbox 143 4574 975 4648; baseline 0.01 -22"><span class='ocrx_word' id='word_1_372' title='bbox 143 4574 235 4629; x_wconf 78' lang='lat' dir='ltr'>dhon.</span> <span class='ocrx_word' id='word_1_373' title='bbox 250 4585 312 4633; x_wconf 77' lang='lat' dir='ltr'>Diei.</span> <span class='ocrx_word' id='word_1_374' title='bbox 331 4599 357 4647; x_wconf 88' lang='lat' dir='ltr'>p.</span> <span class='ocrx_word' id='word_1_375' title='bbox 377 4587 409 4633; x_wconf 76' lang='grc'>46</span> <span class='ocrx_word' id='word_1_376' title='bbox 427 4589 455 4633; x_wconf 83' lang='lat' dir='ltr'>et</span> <span class='ocrx_word' id='word_1_377' title='bbox 472 4588 511 4648; x_wconf 76' lang='lat'>66,</span> <span class='ocrx_word' id='word_1_378' title='bbox 530 4583 722 4635; x_wconf 69' lang='lat' dir='ltr'>Kirhnerdilaes</span> <span class='ocrx_word' id='word_1_379' title='bbox 738 4588 752 4635; x_wconf 93' lang='lat'>1</span> <span class='ocrx_word' id='word_1_380' title='bbox 769 4602 794 4648; x_wconf 93' lang='lat' dir='ltr'>p.</span> <span class='ocrx_word' id='word_1_381' title='bbox 817 4589 863 4635; x_wconf 83' lang='grc'>193</span> <span class='ocrx_word' id='word_1_382' title='bbox 883 4592 934 4635; x_wconf 86' lang='lat' dir='ltr'>not.</span> <span class='ocrx_word' id='word_1_383' title='bbox 953 4590 975 4635; x_wconf 77' lang='lat'>2.</span> 
     </span>
    </p>
   </div>
   <div class='ocr_carea' id='block_1_7' title="bbox 0 0 1564 5124">
    <p class='ocr_par' dir='ltr' id='par_1_7' title="bbox 0 0 1564 5124">
     <span class='ocr_line' id='line_1_41' title="bbox 0 0 1564 5124; baseline 0 0"><span class='ocrx_word' id='word_1_384' title='bbox 0 0 1564 5124; x_wconf 95' lang='lat' dir='ltr'> </span> 
     </span>
    </p>
   </div>
  </div>
 </body>
</html>
