3120 5124
139 382 158 450 ἓ
182 384 215 451 ὃ]
761 385 802 443 27

140 569 221 627 olim
252 568 376 629 dixisse
410 567 481 646 ληός
512 569 669 630 discimus
699 586 739 630 ex
765 572 884 631 Anecd.
909 570 1011 630 Oxou.
1036 571 1050 629 Ι
1075 571 1156 630 26ῦι
1183 565 1216 627 τὸ
1238 565 1307 638 λαός
1332 563 1413 646 ἄτρε-

139 688 216 730 πτον
245 667 341 747 ἔμεινε
372 664 439 747 παρ’
466 664 595 755 Ὁμήρῳ,
625 670 719 731 καίτοι
743 681 778 755 τῇ
806 667 1030 753 μεταγενεστὲρη
1053 665 1127 729 Ἰάδι
1153 665 1271 747 τραπὲν.
1304 666 1414 744 Ληὸν

139 768 323 849 ἀθρήσας
352 765 503 845 Ἱππῶναξ
537 772 586 844 (ir.
619 774 682 843 88).
716 773 903 834 Consentire
928 773 1054 833 videtur
1076 771 1241 845 inscriptio
1265 770 1414 830 vetustae

140 874 319 948 amphorae
356 872 565 948 Chalcidicae,
600 874 634 933 in
667 890 731 948 qua
765 875 852 949 picta
886 876 938 936 est
968 872 1135 934 Patrocles
1166 871 1216 942 (cf.
1248 869 1417 930 Kirchhoff

140 972 292 1049 siphan?
324 990 354 1049 p.
391 977 481 1045 llll:
514 976 739 1052 ΛΕΟΔΟῩΟΣ
769 979 802 1037 et
825 977 1009 1050 ΑΙΝΕΕΣ;
1034 975 1193 1035 recentior
1216 987 1291 1032 vero
1315 986 1412 1044 quam

140 1092 201 1136 nos
231 1077 373 1137 dicimus
402 1077 465 1151 Ias,
497 1091 536 1136 ea
565 1076 720 1136 nimirum
745 1093 828 1151 quae
852 1093 893 1139 ex
916 1077 1177 1151 inscriptionibus
1201 1075 1413 1148 cognoscitur,

140 1193 205 1237 non
228 1179 335 1238 forme
357 1175 428 1253 ληός
452 1177 555 1237 utitur
578 1178 636 1238 sed
659 1177 739 1250 λεώς.

185 1278 378 1357 Ἀμφιάραος,
407 1277 488 1349 ίλᾱος
519 1279 586 1350 (sed
619 1277 706 1357 ίληκα
736 1282 753 1350 ἓ
778 1282 864 1355 296),
896 1271 1045 1360 τετράοροι
1067 1301 1085 1337 υ
1105 1280 1158 1354 81,
1187 1278 1243 1338 sed
1263 1275 1415 1355 μετήορος,

140 1380 304 1459 παρήορος,
327 1379 482 1460 συνήορος.

185 1472 261 1558 άμός
285 1482 338 1543 vel
362 1475 436 1560 άμός
461 1482 511 1553 (cf.
535 1485 553 1553 ἓ
577 1485 641 1560 95),
665 1485 722 1545 sed
744 1479 891 1563 ἡμέτερος.

187 1576 348 1661 Ἀλκμάων,
375 1577 538 1662 Ἀμοπάων,
562 1577 732 1662 Ἀμυθάων,
758 1576 913 1662 Ἀπισάων,
939 1577 1090 1661 Ἀρετάων,
1120 1575 1240 1659 Ἰάονες,
1265 1574 1413 1658 Ἱκετάων,

142 1675 286 1761 Λυκάων,
316 1678 464 1763 Μαχάων,
493 1678 681 1763 Ποσειδάων,
718 1678 883 1764 διδυμάων,
919 1678 1030 1745 ὀπάων.
1061 1686 1251 1760 Discrepant
1286 1682 1413 1761 Παιήων

141 1785 271 1862 (παιήων
314 1791 343 1847 Α
384 1790 458 1863 473,
498 1786 649 1865 ίηπαιήων
689 1790 719 1848 h.
759 1791 819 1864 Ap.
856 1790 930 1865 272,
966 1791 1041 1857 517)
1082 1791 1115 1849 el
1148 1788 1210 1848 adi.
1247 1783 1413 1862 Ποσίδήιον

144 1889 167 1946 Β
192 1891 255 1949 506
280 1888 297 1959 ζ
318 1889 392 1949 266.

184 1980 373 2067 πολοπάμων
402 1992 484 2051 dives
514 1994 541 2049 Δ
572 1994 647 2068 433,
679 1993 736 2053 sed
768 1992 1025 2071 Πολυπημονίδαο
1055 2015 1078 2052 ω
1105 1993 1168 2052 3οὗ
1201 1994 1245 2062 (et
1275 1989 1413 2066 Πάμμων

143 2090 175 2148 Ω
198 2092 264 2150 250
288 2091 440 2161 Aeolioe).

189 2191 304 2252 Θεᾱνώ.

186 2287 299 2372 ἅνερες,
331 2287 459 2374 Βιάνωρ,
487 2297 543 2357 sed
573 2297 702 2378 Ἀγήνωρ
734 2299 845 2368 (etiam
877 2299 939 2359 adi.
970 2295 1110 2378 ἀγήνωρ),
1136 2295 1305 2374 Ρελπήνωρ,
1329 2293 1412 2372 nidd-

143 2417 204 2473 νωρ
229 2397 341 2468 (etiam
365 2398 427 2458 adi.
452 2396 590 2476 εδήνωρ),
611 2396 731 2479 ήνορέη,
753 2397 907 2479 ἀγηνορίη.

188 2490 247 2575 άήρ
272 2500 312 2568 (E
336 2500 401 2559 864
424 2522 444 2578 η
471 2503 532 2561 143
557 2525 567 2558 ι
594 2504 677 2578 144),
701 2518 773 2576 gen.
797 2498 891 2582 ήέρος.

188 2605 316 2676 ναῦφιν,
345 2601 467 2679 ναύτης,
500 2603 648 2679 Ναυτεύς,
685 2603 886 2680 ναυτίλλομαι,
923 2602 1068 2680 ναυτιλίη,
1102 2601 1306 2681 Ναυβολίδης,
1339 2601 1413 2661 ναύ-

141 2703 237 2778 λογος,
270 2700 431 2779 ναάμαχος,
465 2702 636 2780 Ναυσικάα,
670 2703 858 2777 Ναυσίθοος,
888 2703 1092 2780 ναυσικλλίτός,
1114 2701 1327 2779 ναυσικλειτός,
1355 2703 1412 2763 sed

142 2809 217 2878 νηῦς
246 2817 318 2875 gen.
351 2801 423 2879 νηός
452 2806 525 2879 eto,
549 2805 614 2864 dat.
639 2805 719 2878 plur.
744 2804 844 2882 νηυσί,
875 2821 949 2865 cum
981 2807 1043 2867 adi.
1070 2803 1153 2882 νήιος
1177 2807 1211 2865 ei
1235 2805 1413 2878 composito

143 2903 325 2981 Κλυτόνηος.
351 2903 396 2964 cf.
421 2907 439 2974 ἓ
465 2907 515 2967 76.

185 3013 294 3083 ψαρῶν
317 3008 437 3080 (genii.)
463 3011 487 3066 P
510 3010 583 3083 755,
607 3009 664 3068 sed
688 3015 788 3087 γῆρας
813 3014 900 3079 (acc.)
925 3011 958 3066 Π
981 3009 1054 3069 683.

187 3099 276 3185 ἐάων,
298 3110 356 3170 sed
379 3106 454 3186 ἒήος.
482 3109 526 3169 cf.
550 3111 568 3178 5
595 3112 645 3170 io.

186 3207 292 3286 κρατός
316 3212 377 3270 etc.
402 3225 422 3270 a
446 3225 524 3270 voce
547 3209 623 3289 κάρη
647 3213 664 3280 ἓ
689 3212 741 3285 82,
769 3211 827 3271 sed
848 3233 919 3289 κρη-
943 3211 976 3271 in
998 3213 1176 3286 composito
1199 3209 1379 3289 κρήδεμνον.

187 3314 261 3382 λᾶας
284 3327 359 3371 cum
382 3311 444 3372 adi.
469 3302 570 3383 λάινος
594 3315 628 3372 et
651 3314 781 3373 nomine
805 3305 933 3393 Λάρισα.

188 3413 330 3490 2¹’litenis
354 3416 389 3473 el
410 3411 562 3490 θννήεος·

188 3517 262 3572 κᾶλα
286 3516 317 3574 h.
343 3514 437 3575 Mero.
465 3516 537 3591 112,
562 3515 619 3576 sed
640 3515 744 3593 κήλεος
768 3520 802 3577 et
825 3515 990 3596 περίκηλος.

189 3605 248 3690 μάν
271 3622 305 3675 el
328 3612 397 3692 μήν.

189 3712 272 3792 luda,
293 3715 421 3794 μεμᾱάς.

191 3808 291 3896 ἔάγην,
313 3809 390 3890 lgm.

192 3914 314 3996 ἐδάμνα,
336 3915 448 3996 ίκίρνᾱ,
470 3917 569 3996 πίτνα,
591 3921 720 3980 καθίστα
746 3925 773 3992 (ἓ
801 3926 884 3999 196),
910 3925 965 3984 sed
989 3923 1054 4002 ἴστη
1076 3928 1136 3986 ete.

190 4011 319 4079 πεινάων
343 4022 376 4080 et
400 4021 532 4096 similia,
555 4022 612 4082 sed
632 4021 807 4098 πεινήμεναι
827 4027 860 4084 el
879 4019 898 4101 ή
919 4024 1014 4102 πείνη.
1034 4026 1143 4096 Vid.§
1169 4029 1228 4087 191
1251 4030 1284 4087 et
1308 4029 1379 4088 195.

191 4120 227 4180 In
266 4123 436 4182 nominum
478 4123 615 4184 flexione
658 4124 876 4198 vulgatissimi
914 4129 992 4188 sunt
1026 4129 1160 4200 genitivi
1195 4129 1326 4189 termini
1361 4144 1412 4189 -ᾱο

152 4223 182 4280 et
202 4213 287 4282 -άων

191 4323 367 4385 Verborum
391 4326 424 4385 in
447 4333 501 4383 -ᾶν
520 4327 642 4387 formas
664 4329 747 4388 salis
767 4330 898 4404 multas,
924 4346 1006 4403 qnae
1026 4332 1278 4392 contractionem
1298 4348 1413 4406 passae

150 4439 217 4485 esse
240 4426 400 4500 videnlur,
426 4441 539 4487 revera
562 4429 661 4489 aliam
682 4431 798 4490 habere
820 4432 987 4508 originem,
1009 4433 1117 4494 inesse
1136 4435 1247 4495 aulem
1268 4435 1413 4495 vocalem

151 4529 290 4601 asnapio
302 4529 420 4588 natura
431 4527 572 4604 longam,
586 4545 612 4590 e.
623 4545 653 4604 g.
666 4530 700 4590 in
710 4531 878 4610 προσηύδα,
890 4534 957 4593 veri
970 4536 1021 4593 est
1032 4535 1249 4610 simillimum
1263 4537 1301 4596 cf.
1311 4537 1329 4607 ἓ
1341 4538 1412 4596 195.
