3120 5124
98 399 120 468 δ
147 403 201 472 14]
724 405 764 464 71

194 587 226 645 Ω
250 590 291 649 53
344 587 385 666 μὴ
417 586 523 672 ἀγαθῷ
554 610 609 668 περ
639 586 717 650 ἐόντι
748 585 991 690 νεμεσσηθόμτμεν
1020 589 1051 651 οἱ
1070 586 1164 667 ἡμεῖς,
1186 591 1247 664 leg.
1272 589 1313 668 μή
1336 585 1372 649 i’

240 693 347 781 ἀγαθῷ
370 719 424 776 περ
448 696 525 758 ἐόντι
547 698 791 776 νεμεσσηθήομεν
814 689 896 776 ἦμες,
919 700 958 759 cf.
984 699 1002 768 ἓ
1028 700 1100 758 121.

148 800 234 860 Aliis
255 800 335 861 locis
358 802 558 863 intercidisse
582 817 757 877 pronomen
780 802 832 861 icc
864 800 1001 862 efficitur
1024 816 1042 861 e
1066 802 1230 861 contextu.
1255 801 1295 861 Et
1317 801 1375 861 im·

98 902 196 962 mani
218 902 348 974 quidem
371 904 463 964 hiatu
486 904 598 966 relicto
622 905 754 965 evanuit
776 905 864 965 hisce
890 904 987 965 locis:

198 1005 226 1062 Τ
243 1006 308 1066 466
346 1027 365 1085 y
392 1007 453 1068 146
473 1005 579 1084 νόμιιος
603 1003 675 1067 οὐδὲ
698 1005 730 1066 τό
744 1000 844 1066 'ielis’
867 1005 883 1066 ό
907 1000 976 1067 <F
987 1026 1017 1064 >
1038 1004 1074 1066 οὐ
1102 1003 1258 1065 πείσεσθαι
1270 1002 1375 1081 ἔμελλε.

195 1106 230 1164 Π
247 1107 312 1166 404
345 1100 417 1183 ἡνία
442 1101 560 1169 <f’>
584 1104 744 1186 ἠόχθησαν,
766 1108 806 1168 cf.
830 1109 848 1177 ἓ
874 1110 924 1168 10.

146 1208 281 1268 Nullum
302 1224 378 1269 vero
398 1209 468 1270 eius
488 1209 663 1283 vestigium
683 1210 825 1271 cernitur
845 1211 873 1267 E
889 1210 955 1269 320
967 1207 1001 1280 ἅς
1015 1202 1090 1269 <F
1102 1228 1133 1266 >
1146 1204 1319 1282 insectari
1333 1209 1373 1267 72

97 1301 135 1369 εὖ
160 1304 281 1369 <Ρ>
306 1307 460 1387 ἐπιτείλας,
488 1314 519 1369 Σ
541 1312 605 1372 445
629 1309 683 1388 τήν
707 1305 824 1372 <Ρ>
848 1307 895 1387 ἂψ
917 1312 967 1382 (de
991 1326 1053 1384 quo
1076 1310 1145 1370 loco
1168 1309 1232 1369 vid.
1256 1314 1377 1383 supra).

144 1414 185 1472 iu
207 1413 402 1488 particulam
424 1406 478 1488 (δ’,
500 1406 534 1489 τ’,
558 1407 614 1488 ἄρ’)
639 1415 825 1488 corruptum
850 1415 899 1473 est
924 1413 1003 1473 locis
1027 1411 1252 1485 sequentibus:

193 1516 219 1572 Z
244 1515 285 1574 25
346 1512 514 1591 ποιμαίνων
547 1507 576 1573 δ’
614 1507 656 1573 ἐπ’
690 1510 770 1574 ὄεσσι
793 1512 864 1594 μίγη
887 1512 1020 1591 φιλότητι
1043 1510 1093 1572 καὶ
1117 1511 1201 1596 εὐνῇ,
1223 1513 1284 1586 leg.
1309 1532 1375 1572 σοι·

239 1614 355 1692 μαόνων
377 1609 426 1674 i’.

191 1721 224 1775 A
247 1719 310 1778 417
343 1713 421 1793 ἀμφὶ
444 1713 477 1776 δέ
498 1710 519 1776 τ’
545 1713 706 1794 ιἰίσσονται,
727 1717 787 1791 leg.
812 1713 844 1776 δέ
861 1711 898 1775 Ρ
921 1717 991 1778 coll.
1018 1718 1046 1773 Ε
1066 1718 1131 1776 310
1152 1720 1182 1774 Λ
1200 1718 1265 1777 356
1285 1721 1377 1790 (quos

236 1833 353 1879 versus
374 1834 472 1894 supra
495 1819 687 1893 tetigimus).

192 1920 227 1977 Π
249 1921 312 1980 509
344 1913 382 1979 ὅτ’
409 1918 446 1980 οό
470 1919 579 1980 δύνατο
602 1927 804 1998 προσαμῦναι,
826 1920 887 1992 leg.
913 1913 985 1978 o'f’
1013 1919 1083 1980 coll.
1109 1921 1133 1976 Β
1159 1921 1232 1980 238.

191 2043 215 2080 a
241 2023 306 2081 200
343 2021 468 2102 στυγερὴ
492 2019 524 2082 δέ
546 2016 566 2081 τ’
593 2019 681 2098 ἀοιδὴ
702 2019 706 2100 Ι
728 2015 826 2098 ἔσσετ’,
848 2022 910 2095 leg.
937 2016 970 2080 δέ
992 2014 1025 2079 Ρ
1053 2020 1124 2082 coll.
1149 2037 1245 2081 versu
1274 2023 1346 2083 196.

197 2125 227 2182 Φ
256 2125 320 2184 490
352 2123 481 2208 δεξιτερῇ
504 2118 534 2183 δ’
561 2118 605 2203 ilp’
631 2117 680 2183 ἀπ’
705 2122 794 2202 ὤμων
817 2123 909 2207 ἤνυτο
932 2122 1012 2201 τόξα,
1034 2124 1094 2196 leg.
1120 2120 1152 2182 oi
1174 2117 1220 2180 Ρ.

143 2225 299 2286 Vicinum
332 2225 523 2287 vocabulum
547 2226 702 2286 affectum
726 2227 833 2287 estin
856 2225 1015 2286 locutione
1048 2221 1140 2303 ἀγχοῦ
1164 2217 1195 2282 δ’
1221 2223 1375 2301 ἱστάμενος

95 2328 152 2388 vel
187 2324 288 2405 -μένη,
318 2342 374 2402 pro
405 2342 469 2400 qua
496 2328 668 2401 legendum
692 2330 744 2388 est
767 2324 833 2406 ἄγχι
853 2323 885 2386 δέ
903 2320 938 2384 f’
963 2326 1015 2385 ίστ.
1035 2327 1109 2396 (vid.
1134 2326 1152 2395 ξ
1176 2326 1262 2400 318),
1287 2327 1321 2384 et
1343 2325 1377 2385 in

97 2429 239 2490 Hesiodi
263 2443 360 2490 versu
381 2430 498 2504 Theog.
523 2431 587 2489 399
611 2427 666 2506 τὴν
689 2425 721 2489 δὲ
745 2428 821 2500 Ζεὺς
839 2428 940 2505 τίμησε
959 2424 1083 2506 περισσὰ
1103 2423 1135 2486 ii
1156 2427 1237 2505 δῶρα
1257 2423 1377 2504 δέδωκε,

98 2532 157 2592 ubi
182 2531 244 2605 leg.
269 2529 350 2610 δῶρά
373 2524 408 2589 Ρ
438 2527 537 2591 ἔδωκε.

147 2632 215 2692 Alii
238 2631 310 2708 loci,
333 2633 388 2705 qui
411 2633 548 2693 sortasse
571 2633 634 2693 huc
656 2633 827 2708 pertinent,
853 2631 962 2691 minus
985 2631 1065 2692 certi
1085 2632 1172 2707 suut,
1194 2631 1257 2691 vid.
1279 2634 1309 2688 A
1331 2631 1372 2690 33

99 2736 137 2794 Ν
159 2736 226 2795 325
251 2731 279 2799 Ξ
298 2736 361 2796 237
386 2735 406 2813 β
429 2736 493 2795 379
517 2756 528 2793 ι
552 2736 617 2796 330
641 2756 658 2794 o
681 2736 747 2794 470
771 2756 795 2793 ω
819 2735 893 2794 520.

614 2981 654 3038 V.
682 2981 732 3037 De
753 2981 864 3037 hiatu.

146 3155 244 3241 fill.
277 3161 396 3222 Hiatus
427 3165 478 3222 est
509 3162 564 3222 ubi
594 3177 717 3237 vocem,
749 3177 831 3235 quae
855 3160 966 3221 finitur
989 3161 1102 3236 vocali,
1127 3161 1248 3235 excipit
1273 3162 1375 3223 altera

101 3278 169 3323 vox
193 3278 213 3322 a
236 3263 341 3324 vocali
364 3263 520 3337 incipiens
543 3259 574 3333 ¹).

148 3363 331 3425 concessus
357 3366 468 3425 autem
491 3364 685 3437 indictione
708 3365 798 3439 epica
822 3367 872 3424 est
895 3365 1004 3424 hiatus
1027 3365 1100 3438 post
1125 3365 1319 3425 vocabulum
1342 3365 1374 3424 in

100 3467 339 3542 diphthongum
359 3467 531 3541 longamve
544 3467 689 3529 vocalem
703 3483 877 3528 excurrens
886 3462 923 3536 ¹).
944 3468 1049 3527 Sonus
1062 3467 1114 3528 hic
1127 3466 1233 3526 finalis
1246 3466 1279 3525 iu
1291 3466 1376 3526 thesi

100 3568 191 3629 solet
219 3568 369 3629 collocari
398 3571 432 3628 et
453 3571 531 3629 tunc
554 3569 724 3643 corripitur
731 3588 738 3645 ;
764 3569 857 3630 cuius
881 3569 937 3645 rei,
960 3570 994 3629 in
1019 3568 1200 3629 Homericis
1229 3568 1374 3628 carmini·

138 3776 157 3838 ¹)
176 3778 208 3825 G.
233 3779 364 3826 Hermann
390 3776 492 3837 Orphio.
511 3790 536 3836 p.
556 3779 603 3825 770
626 3779 728 3825 scribit:
755 3778 796 3834 „in
821 3778 901 3838 epicis
925 3778 948 3823 is
972 3779 1072 3824 tantum
1096 3781 1214 3825 causetur
1236 3777 1330 3838 hiatus,
1354 3778 1376 3824 si

101 3857 241 3913 „vocabuli
263 3859 288 3905 in
311 3858 426 3905 vocalem
453 3858 570 3905 exeuntis
594 3859 688 3905 ultima
708 3858 806 3905 vocalis
831 3860 890 3906 aute
915 3858 1039 3918 vocalem,
1067 3871 1118 3916 qua
1141 3871 1253 3917 sequeus
1270 3857 1376 3904 verbum

100 3938 222 3998 ,incipit
238 3951 289 3985 non
306 3940 347 3986 est
363 3939 390 3985 iu
407 3939 466 3998 arsi,
484 3951 576 3998 nsque,
594 3939 616 3985 si
634 3939 709 3999 longa
728 3943 775 3996 est,
798 3936 960 3998 corripitur'',
979 3952 1023 3985 eos
1040 3939 1119 3997 igitur
1135 3939 1229 3993 hiatus,
1247 3949 1312 3996 quoa
1329 3951 1376 3984 nos

100 4030 243 4066 couceawa
266 4030 397 4075 vocamus,
422 4019 525 4065 omnino
550 4019 637 4066 hiatus
659 4033 716 4066 esse
740 4033 844 4078 negans.
867 4018 918 4066 Sed
940 4022 1055 4077 praestat
1072 4019 1186 4065 delinitio
1204 4030 1280 4076 qnam
1299 4031 1376 4077 supra

99 4097 247 4159 posuimus,
265 4097 384 4145 desumta
402 4111 434 4145 ex
450 4098 524 4145 initio
546 4097 727 4158 disputationis
751 4098 978 4145 G.A.I.Hoiimanni
1002 4097 1034 4144 de
1051 4098 1132 4157 hiatu,
1150 4098 1252 4153 Quaest.
1270 4099 1345 4144 Hom.
1363 4098 1376 4144 I

100 4192 128 4238 p.
147 4178 182 4224 53
202 4190 255 4236 sqq.
272 4177 369 4237 (1842).

136 4252 158 4315 2)
186 4256 288 4315 Longae
312 4257 415 4303 vocales
439 4259 466 4303 et
491 4256 644 4317 diphthongi
670 4256 759 4303 finales
786 4258 913 4316 quomodo
940 4260 999 4303 ante
1027 4257 1128 4303 vocales
1156 4270 1184 4303 se
1210 4256 1322 4303 habeant
1348 4258 1373 4303 in

99 4335 257 4396 Homericis,
277 4349 379 4383 summo
395 4335 481 4382 studio
500 4336 607 4383 scrutati
628 4338 688 4382 suut
711 4336 848 4383 Hoffmann
865 4336 891 4383 ll.
911 4338 936 4382 et
953 4336 989 4382 W.
1008 4348 1057 4381 von
1075 4335 1163 4382 Hartel
1181 4336 1248 4382 hom.
1268 4335 1374 4383 Studien

98 4416 137 4473 11,
162 4426 223 4461 σιιιο
243 4415 387 4475 pulvisculo
405 4419 491 4462 autem
511 4415 629 4463 exhausit
651 4416 717 4462 hauc
735 4416 869 4462 materiem
887 4418 916 4462 et
931 4415 1046 4473 singulas
1064 4416 1229 4473 quaestiones
1246 4416 1297 4462 huo
1319 4430 1376 4475 per-

99 4495 218 4541 tinentes
241 4495 340 4542 inlinit·
366 4507 427 4542 cura
452 4496 573 4543 tractavit
598 4495 626 4542 0.
646 4495 760 4554 Grulich,
785 4494 817 4541 de
843 4495 955 4554 quodam
980 4494 1067 4540 hiatus
1095 4507 1189 4552 genere
1220 4496 1246 4541 in
1270 4496 1375 4543 Homeri

99 4573 269 4632 carminibus,
287 4575 360 4623 1876.
378 4574 462 4622 Huius
478 4574 601 4635 catalogis
618 4574 745 4621 debentur
762 4575 968 4634 computationes
985 4586 1051 4632 quas
1068 4574 1173 4621 allaturi
1191 4586 1289 4620 sumus.
