3120 5124
759 408 824 473 550
1297 412 1325 483 [5
1348 411 1400 472 323

186 608 293 667 Etiam
323 603 558 666 coniunctionis
586 602 693 661 finalis
717 601 862 674 iungitur
889 601 1035 674 partibus
1058 596 1137 678 ὄφρα
1161 603 1205 674 ut,
1230 614 1295 672 qua
1317 598 1354 658 de
1374 613 1402 656 re

142 710 181 770 ci.
205 710 223 778 1
247 702 334 768 326³.

185 914 214 972 3.
238 919 308 989 τῆος
321 900 427 986 ...ἧος
450 909 572 969 tamdiu
587 907 809 984 ...quamdin
833 907 901 967 Att.
926 902 996 977 τέως
1062 901 1124 977 ἕως.
1148 905 1183 965 Ε.
1204 920 1235 979 g.

228 1002 296 1088 ἧος
319 1008 373 1089 μέν
396 1004 424 1089 ῤ’
451 1007 606 1069 ἀπάνευθε
627 1005 696 1067 θεοὶ
717 1012 839 1085 θνητῶν
864 1005 934 1067 ἔσαν
958 1004 1087 1085 ἀνδρῶν,
1227 1007 1255 1062 t‘
1274 1005 1315 1064 41
1340 1019 1383 1076 sq,

228 1121 319 1191 τῆος
342 1110 449 1191 Ἀχαιοὶ
473 1107 527 1189 μὲν
550 1104 609 1190 μέγ’
637 1106 793 1170 ἕνόδανον.

185 1216 225 1275 Et
236 1214 462 1276 subiunctivus
473 1214 547 1288 post
566 1202 620 1289 ἧός
639 1232 672 1271 κε
692 1214 725 1273 51
745 1211 909 1286 optativus
922 1214 995 1287 poet
1013 1201 1067 1288 ἧος
1087 1211 1169 1271 satis
1181 1212 1262 1270 sunt
1275 1206 1404 1281 vulgatu

140 1318 326 1391 corruptum
347 1317 410 1376 rati
433 1315 452 1393 β
474 1317 513 1375 78
533 1305 588 1392 ἧός
606 1313 810 1391 κε...1οθείη
830 1314 1011 1375 delevimus
1032 1314 1182 1374 voculam
1203 1333 1243 1372 κε.

185 1418 247 1478 Ubi
278 1417 412 1478 voculae
442 1425 511 1494 τῆος
534 1431 599 1477 555
621 1416 794 1491 respondet
816 1415 991 1477 relativum
1014 1406 1078 1493 ἧος,
1099 1413 1265 1490 significat
1275 1412 1406 1485 5115151·

140 1522 243 1595 caper,
268 1519 398 1594 perinde
421 1521 519 1593 atque
543 1519 689 1579 Atticum
713 1514 850 1589 115511.
874 1534 904 1592 g.

229 1611 269 1691 ὧς
294 1618 409 1680 Δαναοὶ
431 1629 501 1698 τῆος
524 1616 577 1696 μὲν
601 1616 744 1696 ὁμιλαδὸν
766 1614 832 1678 αἰὲν
856 1615 971 1679 ἕποντο.
1227 1618 1252 1677 0
1278 1617 1352 1677 277.

186 1721 259 1780 Vox
289 1711 343 1797 ἧος
373 1727 468 1782 extra
500 1720 746 1782 correlationem
772 1736 868 1796 saepe
894 1723 1079 1796 usurpatur.
1108 1720 1225 1779 Paucis
1253 1718 1410 1792 Odysseae

141 1822 220 1882 locis
243 1823 477 1883 coniunctionis
501 1822 607 1882 finalis
629 1827 663 1882 ut
686 1838 806 1882 munus
829 1823 905 1897 obit,
930 1822 993 1883 vid.
1018 1821 1038 1897 ἕ
1062 1817 1150 1884 326⁴.

186 2027 223 2086 in
255 2027 348 2086 textu
380 2025 497 2086 tradito
529 2025 612 2085 mira
637 2027 670 2085 et
694 2039 767 2085 vere
791 2023 921 2084 infanda
944 2039 1115 2098 perpessae
1139 2026 1218 2084 sunt
1240 2021 1411 2097 particulae

142 2135 211 2205 τῆος
231 2129 264 2187 51
282 2117 346 2204 ἧος,
364 2142 468 2199 neque
489 2126 643 2187 51151555
663 2126 824 2200 integram
845 2141 941 2185 suam
960 2128 1133 2186 servarunt
1153 2126 1307 2199 formam,
1319 2136 1412 2196 quam

143 2243 160 2288 e
191 2228 375 2288 coniectura
397 2228 457 2288 boo
488 2227 621 2287 demum
649 2227 779 2288 saeculo
802 2228 849 2287 eis
873 2228 1086 2287 restituerunt
1107 2225 1271 2302 philologi.
1296 2225 1413 2297 Nempe

141 2325 212 2400 τέως
242 2330 276 2389 51
305 2325 360 2400 ἕως
389 2330 423 2388 15
455 2328 621 2403 mscriptis
651 2330 775 2402 passim
806 2330 942 2389 exarata
965 2331 1052 2404 sunt,
1077 2328 1291 2402 quantumvis
1315 2328 1414 2385 metro

142 2431 260 2506 invit03
285 2430 438 2506 exemplo
464 2413 647 2491 sit'versus
670 2432 862 2491 notissimus
885 2435 925 2501 (A
951 2433 1012 2491 193
1036 2432 1109 2493 etot

231 2528 286 2604 ἕως
309 2527 325 2590 ὃ
348 2526 433 2592 ταῦθ’
461 2531 589 2610 ὥρμαινε
612 2530 686 2591 κατὰ
709 2529 805 2610 φρένα
827 2530 877 2591 καὶ
899 2530 974 2591 κατὰ
996 2530 1107 2608 θυμόν.

145 2634 299 2708 Qualibus
319 2633 398 2694 locis
429 2633 622 2707 particulam
653 2630 707 2705 ἕως
734 2650 791 2709 per
813 2634 977 2707 synizesin
1002 2632 1261 2707 monosyllabum
1286 2632 1415 2705 factam,

143 2750 318 2809 pronomen
342 2737 453 2795 autem
477 2736 561 2808 quod
584 2736 730 2809 sequitur
753 2730 769 2794 ‘0'
793 2736 902 2796 nescio
925 2751 1007 2809 quae
1030 2736 1069 2796 ob
1090 2751 1207 2796 causas
1226 2736 1415 2810 productum

144 2853 227 2912 esse,
251 2836 328 2896 olim
353 2836 415 2897 sibi
437 2837 674 2911 persuadebant
696 2837 757 2897 viri
780 2837 876 2912 docti,
901 2840 934 2898 et
957 2837 1093 2897 vixdum
1117 2837 1334 2898 intermortua
1356 2833 1415 2895 dici

144 2941 252 3014 potest
269 2955 308 3000 ea
327 2940 444 3015 opinio,
464 2940 676 3012 quantumvis
698 2939 846 2999 absurda.
862 2939 1048 3016 Videantur,
1069 2940 1096 2999 si
1117 2940 1201 3000 tanti
1221 2942 1284 3015 est,
1306 2938 1416 3011 Heyne

144 3042 184 3101 ad
209 3044 237 3098 A
263 3043 324 3100 193
349 3040 400 3100 151
423 3056 506 3113 quae
529 3040 661 3100 Nitzscb
685 3041 745 3100 bac
765 3040 804 3100 de
823 3056 858 3101 re
878 3041 1007 3114 collegit
1026 3042 1067 3102 ad
1087 3062 1100 3101 ε
1121 3045 1194 3102 365.
1216 3042 1288 3101 Non
1308 3043 1417 3099 tamen

144 3144 315 3203 defuerunt
337 3143 392 3216 qui
415 3157 514 3202 sanae
538 3142 640 3201 menti
664 3143 856 3214 auriumque
880 3142 997 3203 iudicio
1021 3143 1094 3218 plus
1117 3145 1298 3204 tribuerent
1321 3155 1416 3215 quam

144 3245 262 3305 litteris
292 3244 430 3319 traditis,
462 3260 480 3304 e
511 3244 627 3316 quibus
658 3244 783 3317 primus
813 3244 1030 3304 nominandus
1060 3246 1112 3304 est
1137 3245 1226 3320 Reiz,
1250 3245 1289 3303 ut
1312 3241 1418 3303 docuit

144 3347 182 3406 A.
201 3346 353 3406 Ludwich
378 3345 606 3405 Wocbenscbr.
628 3344 648 3404 f.
670 3344 769 3404 klass
791 3345 904 3406 Philol.
928 3346 1013 3405 1890
1033 3346 1063 3406 S.
1085 3349 1104 3406 6
1133 3344 1386 3416 (imbuet-Eleas
1406 3342 1418 3400 1

144 3447 413 3520 Berichtigungen
433 3461 463 3520 p.
483 3448 567 3514 641).
589 3446 709 3506 Deinde
730 3446 766 3506 G.
781 3446 947 3506 Hermann
967 3447 1068 3506 Elem.
1089 3448 1190 3508 doctr.
1210 3449 1306 3508 metr.
1322 3462 1352 3521 p.
1367 3444 1417 3517 58,

145 3549 178 3608 Ρ.
212 3548 335 3621 Knigbt
365 3546 487 3622 Proleg.
512 3564 542 3623 p.
566 3548 619 3624 83,
644 3548 819 3608 Hoffmann
843 3549 972 3623 Quaest.
997 3548 1093 3608 Hom.
1117 3550 1132 3609 Ι
1155 3565 1184 3623 p.
1213 3548 1275 3608 108
1300 3564 1359 3623 sq.,
1383 3546 1418 3606 G.

145 3650 276 3709 Curtius
297 3650 330 3709 in
354 3650 465 3709 Rbein.
493 3649 574 3711 blus,
603 3649 686 3709 1846
711 3666 740 3725 p.
766 3651 829 3710 242
854 3666 913 3725 sq.,
939 3651 1065 3711 Abrens
1088 3650 1121 3711 in
1144 3650 1311 3725 Pbilologo
1337 3651 1419 3710 1879

144 3767 174 3826 p.
200 3753 264 3810 215
288 3766 335 3823 sq.
369 3751 465 3820 1:11.
490 3751 578 3812 Sobr.
601 3753 626 3812 1.
640 3768 671 3826 p.
696 3753 849 3828 995551,
872 3751 984 3812 Nauck
1008 3751 1080 3812 Mel.
1105 3752 1313 3814 (traco-Rom.
1337 3752 1418 3824 11p.

145 3853 207 3910 411
234 3866 314 3926 sqq,
347 3851 454 3911 Christ
480 3853 659 3927 Prolegom.
684 3869 714 3927 p.
742 3855 814 3930 113,
838 3852 893 3913 alii
916 3869 987 3914 rem
1011 3855 1144 3915 clariore
1168 3854 1269 3915 etiam
1294 3854 1327 3914 in
1351 3853 1419 3913 luce

144 3954 332 4029 posuerunt,
364 3968 423 4012 nec
455 3955 522 4014 iam
556 3955 612 4028 qui
641 3956 833 4028 argumenta
853 3954 978 4029 prolata
1002 3955 1255 4016 consideraverit
1271 3955 1420 4030 ipsumve

145 4056 274 4127 poetam
308 4055 563 4133 interrogaverit,
590 4089 629 4099 -
654 4055 705 4116 hio
738 4056 825 4116 enim
854 4055 975 4116 sufficit
997 4056 1036 4117 ad
1061 4058 1317 4118 controversiam
1340 4059 1420 4118 banc

18 4206 21 4213 .
145 4155 360 4216 dirimendam
385 4159 557 4232 —potest
587 4156 734 4218 dubitare
764 4158 841 4230 quin
872 4159 1051 4235 trochaicae,
1069 4174 1146 4220 non
1176 4159 1329 4220 iambicce
1359 4158 1419 4231 (vel

145 4257 348 4329 spondiacae)
368 4258 400 4316 in
421 4258 531 4331 lingua
550 4259 640 4333 epira
655 4261 716 4320 bae
728 4260 810 4321 duae
823 4262 1000 4335 particulae
1012 4262 1142 4338 fuerint,
1155 4261 1420 4337 transscriptores

146 4359 256 4416 autem
282 4361 412 4419 vetusta
436 4361 529 4433 signa
551 4361 671 4420 ΗΕΟΣ
694 4364 727 4422 51
752 4362 864 4421 ΤΕΟΣ
885 4378 941 4438 pro
963 4363 1127 4438 imperitia
1148 4378 1210 4424 sua
1232 4365 1279 4424 ita
1303 4363 1420 4424 fuerint

145 4458 349 4532 interpretati
366 4462 404 4519 ut
421 4463 533 4521 suetas
555 4477 650 4522 voces
670 4459 724 4534 ἕως
744 4466 777 4523 51
796 4460 866 4535 τέως
886 4465 992 4538 legere
1008 4465 1069 4526 sibi
1081 4465 1277 4527 viderentur.
1290 4465 1419 4527 Accedit

146 4558 274 4632 linguae
309 4563 437 4623 Indicae
472 4563 708 4641 testimonium,
744 4566 777 4625 in
812 4580 876 4639 qua
908 4565 1000 4641 pacat
1035 4569 1130 4628 sonat
1165 4568 1326 4643 particula
1355 4558 1421 4644 ἧνςς
