3120 5124
803 397 868 457 578
1352 400 1380 472 [ὅ
1403 402 1452 462 326

352 590 409 641 νῦν
432 581 488 661 γάρ
511 576 532 659 χ’
550 576 665 658 Ἕκτορ’
692 580 844 658 Stoecha,
868 580 956 643 ἐπεὶ
979 584 1057 660 μάλα
1080 606 1125 644 τοι
1148 583 1253 663 σχεδὸν
1284 575 1382 662 ἦλθε,

194 702 279 747 auae
301 684 462 745 Hectorem
486 700 635 760 occupare
657 685 731 761 ticet,
756 701 828 746 unu
854 687 888 745 ιἰι
908 686 1061 760 proxima
1083 688 1198 747 motam
1220 691 1363 747 ocreotm
1386 685 1415 755 ¹).

164 873 167 877 ’
238 890 330 950 Nunc
354 888 523 950 videamus
547 904 679 949 versum
703 911 723 948 ο
750 890 830 951 135:

349 989 420 1052 οὐκ
442 987 488 1050 ἅν
511 1012 563 1068 μιν
586 998 654 1068 νῦν,
676 988 789 1068 τέκνον,
812 989 947 1053 ἀναίτιον
970 992 1089 1078 αἰτιόῳο
1114 994 1145 1065 (l.
1170 993 1273 1065 -άοιο).

194 1095 299 1156 Verba
321 1095 401 1155 baec
424 1094 502 1154 suut
524 1093 712 1169 Eurycleae,
735 1109 835 1167 quam
863 1095 1076 1156 Telemachus
1095 1097 1143 1158 sio
1162 1097 1195 1156 in
1217 1096 1366 1158 versibus
1385 1112 1460 1171 prae·

195 1196 382 1258 cedentibus
413 1195 641 1269 interrogavit:
677 1197 853 1271 ,numquid
884 1198 1047 1271 hospitem
1079 1199 1185 1258 mater
1209 1213 1286 1259 mea
1307 1199 1397 1260 laute
1419 1199 1462 1259 he·

198 1299 286 1375 ,buit
316 1313 369 1359 me
400 1297 544 1372 absente,
576 1311 618 1356 an
652 1312 726 1357 vero
756 1313 832 1358 eurn
860 1297 1014 1373 neglexit,
1038 1300 1075 1359 ut
1097 1299 1221 1360 assolet
1245 1301 1364 1375 probos
1388 1301 1463 1360 viros

197 1400 407 1478 „posthabere
449 1413 590 1472 nequam
628 1399 833 1460 homunculis
841 1400 880 1460 ?”
915 1400 1086 1473 Indignata
1123 1402 1298 1476 respondet
1333 1401 1462 1462 ancilla:

197 1503 357 1579 ,iniustus
389 1516 424 1562 es
455 1515 533 1574 erga
554 1502 696 1562 matrem
719 1502 822 1575 tuam,
847 1517 951 1575 neque
975 1501 1074 1562 habes
1098 1503 1183 1576 quod
1208 1503 1376 1564 socordiae
1399 1518 1463 1565 eam

197 1606 363 1680 ,incuses;
387 1602 467 1663 bibit
489 1603 607 1676 hospes
630 1606 790 1675 quantum
813 1603 916 1678 libuit,
893 1602 1040 1679 tdapes
1063 1604 1125 1664 sibi
1148 1604 1277 1665 oblatas
1297 1607 1463 1680 recusarit,

198 1722 302 1783 ,nunc
332 1705 467 1765 dormit:
496 1705 572 1777 quid
595 1704 722 1779 poterat
743 1702 812 1764 fieri
835 1704 987 1779 amplius,
1011 1704 1176 1766 etiamsi
1166 1721 1237 1781 1pee
1261 1707 1462 1768 adhrissesl”

194 1808 264 1868 Non
296 1807 389 1867 video
419 1805 519 1880 igitur
548 1820 646 1879 quem
676 1820 811 1866 sensum
840 1805 958 1865 habeat
987 1807 1117 1879 negatio
1147 1822 1213 1881 qua
1236 1823 1321 1870 anus
1346 1822 1463 1884 respon

196 1910 271 1970 dere
294 1907 426 1982 incipit:

351 2007 421 2068 οὐκ
444 2002 483 2065 ἄν
507 2029 558 2084 μιν
581 2014 649 2083 νῦν,
671 2004 785 2081 τέκνον,
808 2002 997 2066 ἀναίτιον’
967 2005 1094 2067 αιτιάοιο
1118 2009 1150 2078 ¹).

197 2111 303 2171 Immo
330 2109 545 2170 restituamus
569 2108 601 2169 id
624 2108 708 2181 quod
731 2106 858 2181 flagitat
880 2122 961 2168 sana
985 2108 1085 2169 ratio:

351 2201 462 2288 ἧκέν
486 2231 537 2287 μιν
560 2216 628 2284 νῦν,
650 2204 764 2285 τέκνον,
787 2205 921 2267 ἀναίτιον
944 2207 1078 2268 atrociore.

240 2313 360 2375 Veram
389 2313 473 2373 hanc
504 2327 577 2372 esse
608 2311 642 2371 et
672 2312 795 2371 certam
827 2309 1087 2370 emendationem
1112 2311 1167 2384 qui
1191 2313 1350 2389 concedit,
1374 2311 1463 2373 simul

198 2415 369 2476 concedere
400 2428 464 2473 non
491 2411 662 2487 recusabit,
686 2413 772 2471 hunc
794 2426 926 2471 versum
953 2410 1066 2471 referri
1096 2426 1192 2486 posse
1214 2413 1301 2474 iuter
1323 2413 1464 2488 exempla

197 2516 372 2578 manifesta
394 2514 571 2590 particulae
593 2533 645 2572 κεν
668 2527 689 2572 a
710 2513 942 2587 posterioribus
964 2512 997 2571 in
1021 2507 1059 2570 ev
1083 2514 1248 2589 mutatae;
1270 2505 1290 2591 ἦ
1309 2536 1371 2588 κεν,
1390 2515 1463 2590 quod

195 2619 292 2693 poeta
314 2615 455 2690 dederat,
479 2615 513 2674 iu
536 2610 572 2673 οὔ
596 2635 647 2674 κεν
678 2628 758 2674 casu
781 2614 920 2687 quodam
952 2615 1138 2688 corruptum
1163 2616 1224 2690 est,
1251 2617 1337 2689 quod
1360 2617 1463 2678 deinde

196 2720 256 2779 hoc
282 2717 362 2790 loco,
394 2717 431 2776 ut
454 2715 531 2776 alibi
554 2716 688 2792 passim,
712 2714 792 2776 abiit
814 2715 848 2774 in
871 2712 927 2774 οὐκ
949 2711 995 2774 ἅν.
1020 2713 1175 2775 Videatur
1197 2715 1282 2777 inira
1314 2732 1387 2792 pag.
1407 2717 1461 2777 584

196 2821 262 2880 not.
290 2821 306 2880 1
333 2819 372 2879 de
396 2820 415 2875 1
438 2818 510 2878 167.

236 3021 332 3081 Porro
355 3021 408 3080 hic
431 3019 715 3080 commemoranda
738 3020 790 3079 est
813 3018 1058 3092 elegantissima
1081 3020 1245 3095 correctio,
1271 3035 1336 3094 qua
1361 3021 1460 3081 lionro

193 3122 380 3197 persanavit
415 3134 547 3181 versum
590 3120 628 3177 M
661 3120 715 3195 41,
757 3119 812 3179 ubi
849 3115 888 3177 dv
922 3120 1033 3195 aperto
1064 3120 1144 3180 vitio
1184 3136 1260 3181 cum
1295 3121 1460 3182 indicativo

194 3222 375 3298 praesentis
398 3222 545 3281 iunctum
568 3222 620 3281 est
647 3220 697 3290 (ci.
721 3220 740 3289 ἓ
765 3220 827 3280 122
850 3235 922 3296 pag.
947 3221 1041 3290 304lr

138 3337 141 3342 “
351 3318 391 3393 ὡς
414 3315 442 3379 δ’
470 3314 508 3380 ὅτ’
533 3316 577 3378 ἂν
600 3317 632 3379 ἒν
654 3341 683 3380 τε
705 3320 826 3380 κύνεσσι
847 3318 899 3379 καὶ
921 3317 1048 3398 ἀνδράσι
1070 3324 1241 3400 θηρητῆρσι

350 3421 475 3501 κάπριος
498 3416 533 3498 ἠὲ
554 3417 629 3480 λέων
653 3418 865 3499 στρέφεται
887 3418 992 3480 σθένεϊ
1012 3421 1202 3499 βλεμεαίνων.

194 3527 351 3588 Restituit
374 3525 483 3585 llonro
505 3525 619 3599 poetae
643 3538 780 3584 manum
803 3523 898 3584 Hom.
923 3523 1082 3584 Gramm.¹
1106 3521 1126 3599 ᾖ
1149 3523 1202 3600 82,
1227 3523 1397 3587 scribendo

350 3622 390 3698 ὡς
415 3619 445 3684 δ’
472 3618 510 3683 ὅτ’
532 3621 678 3683 ἔναντα
701 3623 822 3684 κύνεσσι
844 3625 905 3685 etc.

240 3818 412 3878 Praeterea
440 3815 493 3875 hic
522 3815 844 3875 commemorandum
875 3817 926 3874 est
955 3814 1034 3876 illud
1064 3809 1111 3873 ἂν
1133 3812 1220 3874 racd
1242 3831 1301 3891 pro
1324 3812 1467 3885 ἅνιιια,

195 3922 235 3981 de
266 3933 328 3993 quo
356 3916 440 3976 inha
469 3930 540 3991 pag.
566 3916 630 3975 584
662 3916 852 3977 videbimus.
883 3916 994 3990 Neque
1020 3917 1095 3978 bino
1122 3915 1249 3978 alienus
1276 3920 1328 3979 est
1355 3933 1467 3980 versus

196 4021 325 4096 spurius
348 4020 406 4079 aut
428 4017 624 4091 depravatus
647 4019 676 4074 Σ
701 4019 781 4079 192:

227 4251 249 4318 ¹)
265 4255 293 4302 si
309 4253 368 4314 quit
385 4251 459 4299 malit
477 4256 518 4297 νῦν
535 4254 579 4316 γάρ
596 4251 619 4311 i
635 4250 726 4316 Ἕκτορ’
747 4253 811 4305 noer,
829 4251 878 4297 luel
897 4245 911 4309 ᾗ
927 4252 992 4308 μάλα
1013 4264 1049 4296 τοι
1072 4249 1160 4308 σχοδόν
1178 4245 1243 4310 ἦλθε,
1260 4252 1395 4313 aliquanto
1410 4266 1467 4314 pro·

194 4334 253 4393 pins
270 4332 457 4380 adlectionem
476 4330 607 4389 vulgatam
625 4329 759 4386 accedens,
776 4342 827 4376 non
847 4340 997 4388 repugnem.

226 4410 246 4474 ²)
265 4413 359 4459 Parnm
386 4408 502 4470 proderit
524 4409 664 4456 contulisse
689 4422 793 4456 versum
816 4408 1027 4470 dissimillimum,
1045 4409 1078 4456 ad
1098 4421 1175 4470 quem
1192 4409 1407 4472 interpretatores
1424 4425 1468 4459 noe

196 4490 323 4551 ablegant,
349 4505 365 4536 c
389 4489 447 4535 414.
472 4486 530 4533 Diei
554 4500 678 4548 umquam
704 4487 821 4547 potuisse
848 4489 891 4534 οὐκ
915 4485 945 4534 ἂν
970 4493 1060 4548 abactor
1085 4501 1133 4548 pro
1153 4488 1186 4548 μὴ
1206 4493 1306 4552 ποιήσῃς
1329 4491 1371 4538 vel
1395 4493 1422 4538 ct
1437 4489 1468 4548 pi

195 4574 303 4629 τιιήοιις,
321 4580 378 4615 oras
395 4565 511 4622 credam
529 4564 594 4614 illud
612 4566 741 4626 significat
752 4562 840 4628 facere
854 4578 902 4612 noo
914 4568 1014 4627 potu,
1032 4563 1361 4629 supramemoratae.

130 4782 285 4826 „Q
