3120 5124
152 417 165 484 i
184 419 221 487 17]
728 418 769 477 ab

149 604 279 679 quentiue;
311 604 450 665 dicimus
477 605 647 666 nominum
678 605 913 678 verborumque
943 604 1075 680 formas,
1107 604 1141 664 in
1170 606 1286 678 quibus
1316 621 1379 667 cor-

148 707 213 778 repta
240 709 288 766 est
326 706 452 780 syllaba
487 722 569 780 quae
601 707 763 782 praecedit
793 706 942 767 flexionis
971 706 1164 781 terminum;
1196 707 1381 768 huiusmodi

147 808 227 868 subm
246 808 389 882 syllabae
412 824 477 870 non
505 809 715 883 designantur
741 808 837 882 longa
863 808 968 869 vocali
987 808 1039 868 vel
1058 808 1253 883 diphthongo
1281 825 1381 882 quam

145 909 271 983 propriam
301 910 434 987 habent,
464 910 521 971 sed
551 910 655 972 vocali
685 911 776 971 brevi
800 914 830 981 (α
852 931 866 969 ε
889 932 905 969 ο
928 915 969 984 ο),
994 925 1097 982 neque
1127 910 1225 984 igitur
1252 911 1380 970 aurium

144 1010 241 1070 tantnn
274 1011 461 1072 discrimine
493 1013 551 1073 sed
581 1012 683 1073 oculis
714 1026 839 1085 quoque
869 1012 1054 1085 agnoscitur
1078 1026 1190 1072 earum
1214 1013 1379 1087 correptio.

144 1109 234 1172 Omes
254 1113 322 1174 iere
344 1113 378 1173 in
400 1113 546 1188 linguam
569 1114 758 1175 recentioris
778 1113 850 1174 aevi
868 1114 1067 1174 transierunt
1087 1115 1144 1173 aut
1163 1114 1381 1174 contractione

144 1214 221 1286 magis
241 1215 342 1275 etiam
365 1216 443 1275 sunt
468 1217 625 1277 mutatae.
649 1216 684 1277 Ε.
708 1231 774 1289 gn:

173 1310 288 1387 ἑοιᾶύιος
303 1331 362 1391 pro
377 1313 542 1394 ἓστηύιοςὲ
557 1319 628 1378 160.
697 1316 819 1395 χρύσεος
842 1332 899 1392 pro
921 1316 1054 1394 χρύσειος
1099 1318 1116 1386 ἓ
1163 1319 1215 1377 ui.

172 1411 226 1488 νίας
324 1463 339 1493 „
376 1424 452 1495 νῆας
523 1419 541 1488 ἓ
578 1421 628 1478 75.
698 1414 813 1496 βαθέης
871 1465 884 1492 ,
923 1416 1050 1496 βαθείης
1096 1418 1114 1487 §
1162 1421 1212 1478 75.

168 1513 250 1596 Ἄρεος
327 1566 341 1594 „
371 1514 480 1598 Ἄρηος
525 1520 628 1589 573.
697 1516 765 1597 ἐμέο
870 1567 883 1594 ,
922 1516 999 1597 ίμεῑο
1098 1520 1115 1589 ἓ
1162 1521 1214 1578 92.
1322 1582 1326 1593 ,

173 1614 210 1691 big
329 1616 437 1698 ,tog
523 1622 628 1691 §lb
697 1618 763 1692 νεός
870 1620 1000 1697 ,νειύς
1097 1622 1115 1690 ἓ
1161 1621 1213 1680 88.

174 1717 272 1798 Πηλέος
329 1768 343 1798 „
381 1723 542 1800 Πηλῆοςὲ
578 1725 629 1784 76.
698 1721 731 1782 ύο
871 1769 884 1798 ,,
923 1714 968 1782 οἷο
1097 1723 1115 1791 ἓ
1162 1724 1213 1782 59.

174 1817 238 1882 ἕαται
331 1871 344 1899 ,,
387 1822 475 1902 ἥαται
526 1826 631 1893 §aad
700 1823 841 1900 φυσίζοος
874 1870 887 1900 ,,
926 1822 1075 1900 φυσίζοος
1099 1825 1117 1892 ἓ
1142 1825 1214 1883 194.

174 1919 257 1983 ιίαεαι
335 1971 349 2001 „
387 1924 500 1985 κείαται
525 1926 630 1996 5169.
700 1921 849 2005 ἆμφίγύος
875 1972 889 1999 ,,
924 1922 1096 2005 ύμφίχυιος,
1111 1925 1241 1985 asubsi.
1254 1920 1381 2003 yor'ov').

176 2125 247 2188 Haec
269 2129 380 2189 omnia
402 2128 457 2201 qui
480 2128 661 2202 composuit
684 2129 717 2189 et
739 2143 852 2189 secum
872 2128 1047 2204 perpendit,
1071 2128 1230 2201 intellegit
1254 2128 1382 2189 vocales

145 2225 230 2301 longas
255 2232 288 2290 et
314 2230 529 2305 diphthongos
551 2231 689 2292 leviores
712 2253 744 2289 αι
767 2252 792 2290 ει
813 2253 842 2290 οι
866 2232 959 2292 binas
982 2246 1091 2290 moras
1113 2246 1178 2290 non
1202 2229 1384 2304 explevisse

144 2330 258 2404 integras
288 2333 354 2392 nisi
385 2334 442 2393 aut
471 2333 637 2393 accederet
663 2333 748 2393 ictus
771 2335 828 2393 aut
851 2348 915 2393 una
937 2333 1088 2407 pluresve
1112 2332 1386 2404 subsequerentur

146 2436 342 2495 consonantes.
374 2434 444 2494 Non
474 2435 587 2495 tamen
616 2435 701 2494 intra
731 2450 831 2495 unam
855 2449 981 2494 moram
1006 2435 1076 2508 cogi
1099 2436 1257 2509 poterant,
1282 2448 1385 2506 neque

144 2544 244 2609 semper
274 2536 307 2597 in
347 2537 413 2597 arsi
441 2537 591 2611 poterant
614 2536 762 2597 collocari
795 2537 853 2597 aut
886 2537 949 2596 nisi
984 2535 1171 2596 clauderent
1204 2550 1317 2596 vocem
1351 2537 1385 2595 in

143 2633 206 2696 thesi
227 2638 356 2712 corripi3
380 2638 455 2699 hinc
477 2640 591 2712 poetae
614 2638 675 2698 sibi
695 2639 884 2698 sumserunt
908 2639 945 2697 ut
967 2638 1000 2697 in
1022 2637 1108 2697 thesi
1132 2653 1188 2698 eas
1210 2639 1305 2698 modo
1328 2653 1385 2712 pro

141 2733 230 2815 longis,
253 2739 348 2800 modo
371 2754 428 2813 pro
459 2740 610 2801 brevibus
632 2739 768 2813 syllabis
791 2740 955 2814 haberent,
979 2739 1086 2813 prouti
1108 2739 1207 2800 ferret
1229 2754 1384 2800 versuum

140 2839 210 2900 ratio.
238 2841 355 2914 Negari
386 2843 497 2902 autem
528 2841 640 2914 nequit
662 2842 926 2914 aequabilitatem
949 2840 1124 2901 desiderari
1148 2841 1181 2900 in
1205 2842 1299 2901 textu
1322 2842 1383 2901 tra·

139 2937 197 3016 dito,
233 2943 288 3015 qui
327 2942 470 3015 syllabas
508 2943 555 3003 ita
589 2944 752 3017 correptas
788 2943 893 3018 modo,
932 2958 1049 3017 nempe
1083 2943 1117 3002 in
1154 2942 1383 3002 vocabulorum

139 3039 219 3119 initio,
251 3044 446 3104 immutatas
475 3045 626 3105 exhibere
657 3044 769 3119 soleat,
802 3044 906 3119 modo,
936 3045 970 3103 in
1000 3042 1062 3104 tine
1092 3044 1301 3119 potissimum
1333 3059 1384 3103 vo·

139 3155 205 3220 cum,
231 3147 320 3206 brevi
351 3145 455 3206 vocali
479 3147 634 3220 designet.
659 3146 692 3205 Si
716 3147 789 3219 quis
812 3148 923 3206 autern
948 3161 967 3205 a
989 3147 1109 3207 tradita
1131 3145 1268 3205 lectione
1292 3145 1383 3205 delle·

140 3245 206 3304 ctare
230 3247 326 3322 ausit,
353 3247 448 3307 -id
478 3248 561 3321 quod
584 3248 677 3308 nobis
703 3263 743 3308 ne
772 3247 963 3308 tentandum
989 3247 1119 3320 quidem
1139 3246 1316 3321 videbatur,
1342 3280 1382 3289 —

140 3342 201 3407 baec
230 3349 323 3409 unice
356 3348 483 3423 probari
518 3350 621 3424 possit
651 3349 734 3409 ratio
766 3350 803 3409 ut
835 3349 874 3410 de
905 3348 1043 3422 singulis
1070 3348 1203 3408 vocibus
1226 3364 1385 3408 vocumve

140 3449 286 3516 acnenbus
328 3450 516 3523 quaestione
558 3451 710 3511 instituta
745 3450 986 3524 distinguantur
1021 3465 1079 3510 eae
1114 3449 1268 3525 syllabae,
1303 3465 1385 3522 quas

141 3542 249 3610 henas
278 3551 405 3626 poetica
427 3552 460 3611 in
483 3553 568 3612 thesi
592 3547 614 3622 ²)
637 3567 869 3625 nonnunquam
894 3552 1056 3627 corripuit,
1081 3551 1185 3612 abiis
1214 3565 1295 3623 quas
1314 3552 1385 3624 ipsa

143 3643 229 3722 lingua
256 3652 430 3713 Homerica
460 3655 622 3727 correptas
652 3653 835 3728 praebebat.
871 3653 923 3714 Sic
954 3652 1178 3727 reputantibus
1210 3653 1384 3728 apparebit,

143 3747 275 3815 adiectivo
296 3753 429 3832 χρύσειος
453 3756 487 3814 et
513 3755 658 3828 cognatis
682 3755 725 3815 ibi
749 3770 885 3831 quoque,
910 3755 963 3813 ubi
987 3753 1147 3827 syllabam
1171 3754 1385 3827 penultimam

143 3847 249 3915 brevem
271 3856 402 3932 habent,
426 3856 632 3916 tribuendum
657 3871 729 3916 esse
753 3857 820 3916 iota
843 3852 883 3929 3);
910 3855 1128 3915 restituendae
1151 3856 1246 3915 erunt
1268 3857 1385 3930 ubique

147 4012 340 4028 Ἢ*

168 4103 183 4168 Ι)
197 4109 256 4159 hem
273 4114 417 4175 ἂμφιχῦύιις,
433 4115 563 4178 rupertus

167 4180 222 4250 ¹⁷)Iu
238 4193 289 4238 arsi
312 4205 364 4238 non
384 4193 499 4251 potuisse
516 4194 619 4255 corripi,
642 4193 741 4240 inutilis
759 4195 785 4240 et
801 4207 883 4253 paene
902 4193 1009 4240 ridicula
1027 4193 1129 4240 videtur
1145 4195 1301 4249 observatio;
1320 4198 1384 4241 atta-

143 4275 186 4312 nen
205 4269 226 4315 in
247 4272 320 4318 textu
341 4270 436 4318 tradito
459 4272 501 4319 hio
525 4273 578 4320 illic
596 4275 667 4320 extat
683 4273 732 4320 hoc
750 4273 853 4329 vitinm3
873 4273 911 4318 νέα
930 4292 937 4319 ι
956 4275 1004 4320 283
1023 4269 1066 4336 (cf.
1084 4273 1099 4333 5
1118 4276 1132 4320 8
1151 4276 1177 4320 et
1195 4269 1246 4336 ib),
1263 4275 1304 4334 pio
1323 4275 1383 4321 Hes.

142 4344 217 4409 Tbeog.
234 4352 257 4398 5.
884 4340 906 4354 ⁹
1279 4338 1303 4353 ⁹

165 4422 224 4490 ¹)Et
243 4432 307 4479 haec
331 4431 435 4491 quidem
451 4432 520 4480 haud
540 4433 676 4480 temeraria
701 4433 778 4479 luerit
798 4433 930 4493 correctio,
950 4435 1069 4492 quoniam
1088 4436 1114 4480 in
1131 4435 1235 4481 Pindari
1253 4434 1385 4481 codicibus

140 4513 241 4567 perpetu
271 4512 400 4572 reperitur
430 4515 538 4576 χρύσειος
567 4516 674 4577 χρυσεία,
706 4513 806 4558 edamei
839 4513 999 4572 corripienda
1026 4515 1060 4560 sit
1084 4515 1169 4561 media
1195 4515 1306 4574 syllabs3
1334 4515 1384 4562 yid.

140 4582 293 4638 Mommsen
311 4589 346 4637 cd
363 4591 401 4639 01.
418 4591 481 4638 XIII
499 4592 538 4650 ⁸18,
557 4590 765 4640 christicolum
783 4606 808 4652 p.
828 4593 867 4640 it.
