3120 5124
777 359 881 405 LXVIII

193 535 227 595 P.
237 533 288 596 W.
302 533 553 595 Forchhammer
570 531 752 606 Erlrlarung
769 532 826 619 der
837 531 915 593 Ilias
930 530 1014 591 1884
1023 549 1031 606 ;
1053 531 1104 591 cui
1116 528 1248 592 Achillea
1258 530 1310 592 est
1321 526 1466 611 ἀμνούς

193 620 298 706 (labiis
318 626 453 710 carens),
477 634 599 695 flumen
625 635 799 709 εωαιιωακε,
815 616 940 694 ‘Hector
966 632 1073 694 amnis
1096 633 1182 693 ihtra
1209 633 1296 708 ripae
1323 647 1403 694 suas
1429 649 1466 695 se

193 737 359 813 continens,
382 734 533 796 Ρνῑαικαε
555 735 680 796 rivulus
705 734 834 811 Simois,
858 735 914 808 qui
937 749 993 809 per
1011 734 1167 796 torridam
1187 736 1350 795 aestatem
1369 733 1467 814 πρίων

192 835 244 897 τὸν
267 818 366 914 ἅμμον
386 836 477 897 tarde
496 837 646 913 prorepit,
668 838 702 897 et
720 837 768 897 sic
786 836 818 897 in
840 851 941 910 aquas
962 838 996 896 et
1015 834 1123 896 lutum
1142 837 1212 897 tota
1228 836 1306 897 Ilias
1317 835 1466 898 solvitur.

194 936 299 999 (lausa
318 941 430 1000 autem
450 939 640 1000 cunctorum
660 938 846 1000 huiusmodi
865 940 1125 999 commentorum
1144 938 1326 1014 non'latet;
1339 940 1464 1014 mytho·

190 1056 264 1102 rum
298 1041 386 1102 enim
420 1040 721 1103 vetustissimorum
756 1041 796 1102 ad
830 1055 883 1103 res
916 1040 1083 1102 naturales
1114 1040 1332 1116 spectantium
1361 1031 1467 1103 veluti

191 1144 269 1205 echo
299 1158 531 1216 nonuunquam
561 1143 593 1203 in
625 1142 724 1205 Iliade
756 1144 790 1203 et
821 1142 854 1202 in
886 1125 1032 1217 Odyssea
1061 1141 1235 1217 percipitur
1254 1145 1294 1217 ¹);
1326 1157 1465 1216 quorum

189 1247 302 1306 tamen
325 1246 516 1320 mythorum
538 1244 683 1319 priscum
705 1259 838 1305 sensum
860 1243 922 1318 ipsi
942 1246 1055 1319 poetae
1076 1244 1157 1320 epici
1176 1244 1234 1305 aut
1252 1243 1467 1319 neglexerunt

191 1348 258 1423 aut,
283 1348 367 1421 quod
391 1361 466 1407 vero
490 1346 641 1421 similius,
665 1347 863 1420 ignorarunt.

236 1447 444 1508 Recentiores
467 1449 578 1508 autem
598 1447 861 1523 philosophorum
881 1449 989 1509 sectae
1018 1447 1168 1508 certatim
1195 1461 1327 1522 operam
1345 1447 1468 1509 dabant

191 1551 229 1610 ut
259 1549 321 1610 sibi
351 1549 552 1610 vindicarent
582 1551 764 1611 Homerum
795 1550 889 1611 illum
921 1565 1020 1625 quem
1050 1566 1093 1612 ex
1114 1551 1284 1612 bominum
1307 1551 1466 1613 memoria

192 1651 289 1713 evelli
312 1667 375 1712 non
398 1665 494 1726 posse
518 1651 638 1725 optime
662 1651 903 1729 intellegebant.
927 1652 1161 1728 Peripateticus
1179 1651 1281 1712 fuisse
1300 1651 1467 1714 dicebatur

192 1755 321 1830 propter
344 1768 459 1814 verens
482 1752 514 1812 a
537 1755 601 1815 376
625 1768 692 1827 sq.:

637 1847 699 1926 οἷος
724 1852 761 1932 δὴ
786 1853 824 1915 σὺ
847 1851 938 1933 δέμας
959 1853 1010 1916 καὶ
1031 1855 1134 1933 Isidos·
1157 1850 1275 1936 ἀγητος,

414 1952 566 2017 πέπνυσαί
586 1977 616 2016 τε
638 1954 709 2041 νόῳ,
732 1953 875 2036 μακάρων
899 1952 928 2017 δ’
955 1954 985 2031 ἔξ
1008 1953 1070 2017 ἒσσι
1093 1955 1219 2035 τοκήων,

194 2057 334 2119 ἐντεῦθεν
366 2058 397 2119 οἱ
425 2055 485 2118 ἀπὸ
507 2066 560 2143 τοῦ
591 2057 756 2136 περιπάτου
779 2055 834 2136 τὴν
856 2056 961 2137 τριάδα
983 2068 1043 2119 τῶν
1065 2055 1192 2139 ἀγαθῶν
1214 2056 1362 2139 εἰλήφασι,
1383 2073 1468 2135 quas

195 2160 389 2223 scholiastae
413 2161 512 2222 verba
535 2146 694 2235 quomodo
713 2160 779 2221 sint
798 2161 983 2243 accipienda
1002 2162 1095 2222 docet
1113 2161 1249 2221 Aristot.
1269 2159 1371 2221 lithic.
1392 2161 1408 2220 Ι
1429 2160 1466 2222 8:

195 2260 401 2343 νενεμημένων
433 2260 471 2341 δὴ
502 2271 560 2322 τῶν
591 2258 717 2342 ἀγαθῶν
746 2270 839 2347 τριχῇ,
867 2260 918 2322 acl
948 2271 1007 2322 τῶν
1031 2257 1085 2340 μὲν
1106 2259 1188 2335 ἐκτὸς
1211 2258 1386 2342 λεγομένων,
1408 2270 1468 2321 τῶν

196 2360 228 2424 tl
259 2361 325 2442 tropi
351 2361 454 2442 ψυχὴν
477 2358 527 2422 καὶ
550 2360 701 2441 σῶμα,τᾶ
723 2360 790 2443 περὶ
813 2361 915 2444 ψυχὴν
938 2363 1104 2444 κυριώτατα
1126 2361 1248 2444 λέγομεν
1271 2360 1321 2423 καὶ
1343 2362 1468 2441 μάλιστα

195 2463 298 2546 ἀγαθά
317 2467 348 2536 ²).
372 2465 600 2541 Epicureorum
625 2480 701 2527 vero
723 2464 852 2540 placitis
870 2466 1036 2527 addictum
1054 2467 1170 2528 testari
1189 2466 1358 2548 videbatur
1376 2467 1469 2529 locus

196 2568 229 2626 a
252 2568 315 2629 525
339 2582 399 2645 sq,
422 2567 478 2626 ubi
501 2567 552 2627 dei
579 2582 749 2643 ,securum
773 2582 868 2641 agere
890 2568 1031 2629 aevum'’
1054 2568 1221 2630 dicuntur:

384 2652 386 2657 ⁵
416 2659 456 2740 ὧς
477 2665 533 2748 γὰρ
557 2665 757 2730 ἐπεκλώσαντο
780 2667 850 2730 θεοὶ
873 2669 1016 2731 δίειλοῑσι
1039 2671 1180 2750 βροτοῖσι,

416 2763 529 2847 ζωέμεν
555 2765 758 2850 ἄχνυμὲνοισ’·
782 2768 869 2832 αὐτοὶ
892 2768 925 2832 δέ
947 2766 967 2833 τ’
993 2768 1116 2851 ἀκηδέες
1138 2770 1203 2832 εἰσί.

195 2873 322 2934 Stoicus
345 2873 509 2932 Homerus
532 2871 622 2933 audit
645 2873 679 2933 in
702 2862 834 2934 schoffis
857 2874 898 2935 ad
921 2877 950 2932 A
973 2876 1037 2934 405
1058 2873 1196 2948 alibique
1217 2873 1357 2949 saepius,
1377 2873 1467 2934 natu·

193 2974 271 3035 ralis
301 2976 413 3035 autem
444 2973 666 3049 philosophiae
698 2974 822 3049 aliquot
847 2977 923 3036 ante
947 2974 1116 3037 Thaletem
1139 2975 1279 3035 saeculis
1302 2974 1468 3036 curiosum

195 3077 295 3137 fuisse
326 3076 382 3137 alli
412 3074 622 3152 perhibebant
648 3079 777 3151 propter
800 3092 915 3138 versus
938 3080 968 3135 A
991 3079 1054 3137 399
1079 3093 1148 3151 sqq.
1174 3078 1207 3138 et
1230 3073 1258 3142 Ξ
1277 3077 1341 3138 246
1365 3080 1398 3147 ³).
1421 3077 1467 3152 De

194 3179 311 3253 quibus
330 3177 447 3239 studiis
468 3178 580 3252 aptum
600 3177 755 3238 iudicium
775 3178 852 3238 tulit
871 3178 992 3240 Seneca
1011 3179 1105 3254 epist.
1119 3179 1179 3241 88:
1196 3179 1309 3254 ,modo
1322 3178 1468 3240 Stoicum

197 3279 397 3357 „Homerum
428 3279 561 3355 faciunt,
593 3279 749 3339 virtutem
781 3278 886 3339 solam
910 3279 1100 3354 probantem
1122 3281 1157 3341 et
1180 3278 1364 3354 voluptates
1386 3279 1467 3341 retu·

198 3382 360 3458 ,gientem
373 3381 405 3441 et
418 3382 457 3441 ab
469 3381 606 3441 honesto
617 3395 658 3440 ne
672 3379 931 3441 immortalitatis
942 3381 1073 3454 quidem
1085 3381 1187 3459 pretio
1198 3381 1417 3459 recedentem,
1425 3414 1466 3426 —

198 3483 311 3560 ,modo
335 3481 538 3557 Epicureum,
562 3482 751 3543 laudantem
767 3483 901 3544 statum
925 3483 1054 3556 quietae
1079 3483 1222 3543 civitatis
1241 3484 1275 3544 et
1294 3482 1379 3544 inter
1398 3498 1468 3545 con·

198 3584 305 3660 ,vivia
330 3586 508 3657 cantusque
532 3584 635 3644 vitam
659 3584 832 3663 exigentis,
854 3618 894 3628 -
914 3585 1014 3667 modo
1034 3584 1294 3661 Peripateticum,
1310 3584 1468 3645 bonorum

198 3686 280 3763 ,tria
299 3700 417 3759 genera
436 3685 653 3760 inducentem,
666 3719 707 3729 -
721 3687 816 3747 modo
835 3686 1078 3761 Academicum,
1098 3686 1222 3746 incerta
1240 3685 1350 3746 omnia
1364 3685 1467 3748 dicen·

199 3791 296 3866 ,tem
317 3789 459 3863 Apparet
478 3787 558 3847 nihil
579 3787 695 3848 horum
716 3803 788 3848 esse
809 3788 842 3848 in
861 3787 926 3864 illo,
947 3788 999 3847 cui
1019 3788 1129 3847 omnia
1147 3787 1276 3848 insunt:
1296 3786 1361 3848 ista
1380 3786 1468 3848 enim

198 3891 302 3968 ,inter
325 3906 361 3950 se
384 3889 573 3949 dissident.”

239 3992 326 4068 Quae
350 4006 426 4052 vero
449 3991 534 4051 tanti
557 3990 642 4051 inter
668 3990 807 4051 Graecos
829 3990 1024 4051 haberentur
1043 3990 1197 4066 carmina,
1217 4004 1332 4051 eorum
1349 3989 1469 4065 singull

195 4110 320 4171 versuo,
351 4094 453 4154 immo
485 4092 613 4167 singula
642 4091 775 4152 verbula
798 4093 904 4166 magis
928 4093 1097 4167 magisque
1120 4091 1217 4166 digna
1239 4091 1318 4151 sunt
1340 4091 1413 4152 visa
1435 4090 1468 4151 in

228 4377 249 4445 ¹)
267 4380 305 4427 ot.
323 4391 401 4439 snpra
419 4391 478 4438 pag.
495 4387 565 4422 mr.

227 4456 249 4522 ¹)
267 4459 306 4506 01.
324 4456 407 4506 Ζο11οι·
424 4450 519 4504 Phllos.
538 4453 563 4520 d,
581 4453 624 4501 Gr.
643 4452 669 4499 11
688 4450 714 4500 2³
731 4468 756 4514 p.
776 4455 832 4503 etl.

226 4535 248 4607 ³)
265 4539 321 4587 vid.
339 4538 461 4588 Heraclit.
478 4534 589 4596 hllegor.
609 4534 648 4583 ii.
