3120 5124
753 395 816 454 334

233 584 326 644 abest
348 585 423 658 post
445 598 619 644 consonam
796 583 861 642 810

345 685 377 743 15
401 684 588 760 compositis
795 684 860 744 330

732 811 878 818 -—
1041 772 1136 831 1140.

186 876 268 948 Ergo
300 874 455 951 locomm,
491 874 545 934 ubi
576 877 682 936 certas
714 874 754 935 ob
783 889 898 934 causas
920 873 1106 948 neglectum
1130 874 1183 933 551
1204 886 1285 945 augn

142 976 346 1053 syllabicum,
379 979 413 1038 51
435 977 588 1052 ,locorum
619 978 672 1037 ubi
696 978 783 1037 iusta
806 991 906 1037 cansa
926 975 1016 1036 nulla
1038 974 1173 1036 indicari
1196 973 1285 1049 potest

144 1080 196 1139 551
218 1071 411 1153 9117911140
434 1079 504 1139 5115
530 1071 618 1152 1712.

531 1254 572 1314 Π.
607 1254 830 1328 Augmentum
853 1253 1018 1328 temperate

232 1416 351 1489 legitur
373 1415 452 1476 locis
773 1418 859 1477 3513

231 1513 304 1578 addi
329 1518 436 1593 potest
796 1519 860 1578 423
887 1516 907 1588 ¹)

739 1646 882 1654 ——
908 1608 993 1669 3936

232 1696 337 1755 155115
360 1698 493 1768 cogente
515 1696 689 1771 negligitur
793 1698 857 1757 407

232 1799 307 1857 ante
332 1798 477 1858 vocalem
502 1798 675 1872 negligitur
797 1799 859 1859 195
927 1888 991 1949 602

232 2065 301 2125 5155
324 2065 411 2124 15515
434 2080 532 2126 55555
555 2066 728 2139 negligitur
772 2066 858 2126 1095
1039 1976 1126 2037 4538

235 2166 407 2240 negligitur
424 2167 458 2226 in
479 2166 666 2242 compositis
796 2168 859 2227 258

743 2294 888 2302 ——-
1041 2256 1125 2317 1353

186 2357 269 2430 Ergo
292 2372 392 2418 causa
412 2358 552 2431 neglecti
572 2358 739 2430 augmenti
758 2357 946 2432 temporalis
965 2359 1099 2432 apparet
1118 2357 1197 2418 locis
1218 2357 1285 2417 4531

145 2474 219 2518 1515
242 2460 326 2518 1353
346 2459 526 2519 secundum
545 2458 745 2519 Mendesium
766 2475 828 2519 non
849 2460 990 2534 apparet,
1011 2460 1058 2518 115
1077 2460 1115 2518 51
1135 2459 1218 2518 15115
1239 2458 1285 2518 151

145 2555 346 2636 rosellana,
367 2561 437 2621 sive
459 2556 527 2636 712.
546 2563 575 2620 A
593 2576 724 2621 summa
736 2563 847 2621 autem
860 2560 1003 2622 locorum
1016 2561 1225 2621 excusatione
1237 2575 1285 2620 car

144 2661 311 2721 detrahere
334 2661 534 2722 11551511551
559 2676 684 2738 151555,
708 2662 762 2722 5111
791 2664 1003 2735 augmentum
1030 2663 1208 2736 temporale
1225 2677 1285 2738 poe

144 2779 218 2823 ram
241 2762 432 2824 femininam
454 2763 636 2838 negligitur,
662 2764 773 2837 quales
798 2765 1005 2825 hexametros
1029 2765 1116 2824 iusta
1139 2765 1285 2825 55555111

144 2881 242 2938 quam
277 2880 385 2926 carere
417 2865 525 2925 docuit
548 2865 682 2941 Usener,
713 2865 752 2926 51.
789 2880 886 2941 supra
916 2880 987 2940 pag.
1021 2866 1120 2926 1151
1151 2866 1234 2941 330;
1265 2881 1286 2926 5

143 2968 349 3040 aliquatenus
372 2967 474 3025 minui
499 2967 578 3026 1111111
601 2968 728 3027 videtur
752 2967 882 3027 11555115
912 2968 966 3027 ubi
985 2969 1054 3042 poet
1078 2967 1212 3026 55551515
1234 2981 1285 3040 neg

146 3072 197 3129 est
226 3071 438 3141 augmentum
471 3059 658 3143 temporale.
694 3068 753 3128 Vel
784 3069 831 3128 sic
862 3070 973 3130 tamen
998 3069 1126 3129 constat
1158 3069 1284 3129 veteres

147 3169 250 3231 multo
273 3169 401 3230 facilius
421 3170 534 3230 adduci
557 3170 701 3244 potuisse
724 3172 761 3231 ut
780 3170 941 3244 syllabam
965 3171 1141 3245 augmento
1160 3171 1286 3245 tempor

146 3273 258 3333 vatam
299 3286 355 3345 pro
399 3271 499 3348 brevi,
542 3285 640 3344 quam
676 3272 713 3330 nt
747 3273 960 3344 augmentum
995 3270 1189 3345 syllabioum
1225 3286 1281 3345 pro

146 3373 310 3434 haberent.

190 3474 392 3535 coniunctim
424 3474 535 3532 autem
566 3474 599 3533 in
632 3473 720 3533 hisce
744 3473 1038 3547 computationibus
1063 3473 1203 3534 tractavi
1228 3473 1285 3534 Ilia

145 3577 335 3650 Odysseam,
366 3575 545 3635 cavendum
577 3590 649 3635 esse
680 3574 873 3648 intellegens
900 3589 941 3635 ne
962 3575 1118 3636 lectorem
1142 3576 1285 3636 numeris

144 3692 224 3738 rem.
250 3677 454 3752 Quamquam
477 3691 540 3736 non
564 3677 678 3737 eodem
700 3677 769 3736 iure
794 3677 923 3736 tenetur
945 3678 1119 3750 utmmque
1147 3692 1234 3753 epos,
1254 3675 1285 3737 51

145 3779 232 3838 55151
255 3778 359 3837 515151
381 3777 414 3836 15
438 3777 537 3837 iliade
562 3792 660 3850 quam
684 3777 717 3837 in
743 3777 888 3851 Odyssea
913 3779 964 3838 est
986 3779 1155 3851 augmenti
1178 3781 1285 3840 center

191 4125 357 4185 Hactenus
388 4124 426 4184 de
460 4123 637 4200 proferendi
670 4127 800 4185 1551551
832 4126 955 4186 1511555
987 4125 1085 4186 155511
1115 4142 1285 4190 55515511

147 4225 271 4286 1511555
311 4225 470 4286 scribendi
505 4226 660 4286 nonnulla
701 4228 778 4287 sunt
821 4227 1030 4288 observanda.
1066 4227 1204 4289 Vetusta
1237 4228 1285 4289 litt

180 4479 198 4545 ¹)
217 4484 255 4530 De
273 4484 321 4530 hae
340 4498 441 4531 summa
459 4485 527 4533 idem
546 4487 616 4534 valet
633 4488 701 4547 quod
719 4488 751 4534 de
768 4488 885 4548 syllabiol
903 4490 1034 4547 augmenti
1051 4490 1217 4537 restitutione
1238 4489 1285 4538 obe

146 4564 310 4610 annotatione
327 4565 500 4623 praecedenti.
