3120 5124
700 370 782 414 XLIII

147 536 262 597 Restat
285 540 323 598 ut
344 555 516 600 sumamus
540 541 665 602 Solonis
689 543 722 601 et
740 541 1018 601 Pisistratidarum
1039 541 1228 614 temporein
1241 539 1374 598 deorum

102 637 227 698 cultum
262 640 427 714 publicum
460 644 625 717 receptam
658 657 731 703 esse
771 642 952 702 carminum
988 642 1150 715 epicorum
1185 641 1307 700 dudum
1341 640 1375 699 in

101 739 211 800 Aruas
234 742 438 814 cognitorum
461 743 702 818 recitationem
735 741 829 818 νόμον
859 739 963 801 ἔθεντο
988 741 1019 801 οἱ
1039 738 1160 819 πατέρες
1185 738 1280 817 ὑμῶν,
1302 733 1371 798 καθ’

100 835 227 918 ἑκάστην
249 842 461 922 πενταετηρίδα
484 851 543 902 τῶν
568 842 798 919 Παναθηναίων
821 841 916 919 μόνον
935 836 1067 920 Ὁμήρου
1090 850 1148 901 τῶν
1171 837 1269 900 ἄλλων
1287 860 1374 917 ποιη-

100 947 160 999 τῶν
193 940 403 1026 ῥαψῳδεῖσθαι
437 941 472 1003 τὰ
506 941 573 1020 ἔντη,
606 946 644 1004 ut
673 944 815 1017 loquitur
845 944 1011 1016 Lycurgus
1041 944 1149 1003 orator
1171 943 1204 1002 in
1228 941 1372 1002 Leocrat.

100 1040 119 1110 i
145 1043 218 1103 102.
250 1043 316 1105 Nec
346 1060 410 1106 non
441 1046 591 1107 credibile
615 1049 667 1106 est
689 1047 898 1106 emendatum
922 1045 1050 1118 aliquod
1071 1043 1238 1117 exemplar
1260 1042 1372 1102 carmi-

100 1157 180 1202 num
204 1146 369 1219 epicorum
399 1151 477 1208 tunc
499 1146 706 1221 designatum
730 1162 813 1221 esse,
838 1146 922 1219 quod
945 1145 1070 1220 publice
1094 1145 1319 1206 asservaretur
1341 1144 1375 1203 et

100 1245 228 1316 quodes
251 1261 332 1321 opus
355 1250 443 1309 esset
464 1248 695 1321 consuleretur,
718 1249 756 1307 ut
778 1247 1012 1322 rhapsodorum
1034 1249 1157 1307 temere
1181 1244 1286 1305 multa
1305 1259 1372 1304 mu·

102 1346 245 1407 tantium
268 1348 490 1409 omittentium
513 1350 552 1410 de
575 1364 635 1410 suo
658 1349 846 1410 addentium
870 1351 1129 1423 compesceretur
1151 1347 1257 1408 libido.
1289 1346 1374 1407 Fieri

101 1446 239 1521 denique
261 1451 367 1524 potuit
401 1453 439 1511 ut
470 1467 512 1512 ex
545 1451 601 1511 illo
634 1450 813 1525 exemplari
847 1450 911 1510 alia
945 1451 1091 1527 fluerent,
1124 1464 1206 1523 quae
1236 1447 1373 1508 Athenis

101 1736 170 1786 οὗτοι·
191 1741 364 1799 ’Matremne
386 1743 547 1806 Ὀνομάκριτος
569 1745 701 1803 Ἀθηναῖος,
725 1745 838 1805 Ζώπυρος
856 1741 1017 1806 Ἡρακλεώτης
1040 1743 1078 1788 ναί
1099 1741 1192 1805 Ὀρφεὺς
1213 1743 1374 1803 Κροτωνιάτης

101 1816 174 1880 (item
191 1833 218 1880 p.
237 1818 304 1881 118).

133 1899 218 1946 Hasce
236 1899 349 1957 notities,
365 1913 432 1960 qnae
449 1901 525 1948 nnius
541 1902 622 1948 instar
639 1902 708 1957 eunt,
726 1913 757 1946 ex
775 1898 931 1946 athenodori
948 1898 1117 1958 demptionis,
1133 1897 1295 1959 grammatici
1311 1898 1373 1944 Per·

101 1978 212 2036 gemeni,
238 1978 284 2038 qni
309 1975 347 2025 Πο
371 1983 432 2026 ante
459 1979 589 2027 christum
615 1979 718 2028 saeonlo
745 1979 816 2041 vixit,
839 1991 916 2038 opere
939 1978 1043 2026 fluxisse
1066 1982 1141 2026 acuta
1165 1981 1205 2025 est
1227 1977 1374 2024 coniectura

100 2057 174 2103 Haaii
191 2055 253 2119 (vid
271 2057 438 2117 Hengsbnsch
458 2055 524 2106 Disa
542 2059 617 2106 Hom.
634 2058 661 2104 11
677 2072 702 2118 p.
721 2059 761 2116 db,
778 2059 816 2106 Le
829 2056 916 2105 Hoche
933 2058 1075 2104 Texthitik
1092 2071 1118 2118 p.
1135 2059 1174 2114 io,
1193 2058 1232 2115 ia,
1247 2057 1278 2102 H.
1294 2055 1373 2102 Flaoh

101 2135 267 2183 Peiaistratce
283 2149 309 2196 p.
329 2134 378 2199 12).

135 2212 251 2274 Οοιισυίντ
273 2214 326 2274 ille,
348 2228 426 2275 quem
449 2219 556 2276 crepant
578 2229 677 2277 omnes,
699 2216 759 2276 quis
776 2216 856 2262 inerit
872 2216 968 2262 rinstn
986 2216 1127 2275 quaesierit
1143 2216 1285 2275 quispiam
1304 2213 1372 2273 qnod

100 2305 194 2340 nomen
211 2295 344 2354 peperisse
357 2308 434 2343 voces
448 2296 527 2342 iurata
541 2299 625 2342 κύκλον
638 2296 747 2342 ridicule
756 2295 913 2343 deformatas
921 2290 970 2359 (lul
982 2293 1112 2356 Koresios)
1121 2295 1248 2342 intellexit
1262 2295 1373 2341 cremer.

98 2371 166 2418 Hinc
183 2373 298 2420 nacitur
315 2374 438 2436 euspicio,
455 2373 486 2422 de
504 2374 554 2421 alia
571 2387 608 2432 re,
625 2387 719 2434 nempe
737 2374 770 2421 de
787 2373 854 2434 epici
872 2374 937 2433 cycli
959 2374 1116 2421 carminibus
1134 2374 1233 2421 cunctis
1249 2372 1374 2420 ordinatis

99 2452 126 2496 et
143 2450 170 2496 in
187 2463 267 2498 nnnm
293 2465 388 2512 corpus
409 2454 561 2510 coniunctis,
584 2466 729 2500 sermonem
750 2452 830 2499 fnisse
847 2454 874 2499 in
892 2453 963 2500 iente
979 2466 1030 2512 qno
1048 2453 1076 2499 hi
1092 2456 1230 2512 nugatores
1246 2454 1287 2500 usi
1304 2455 1371 2500 sunt.

98 2529 258 2578 Zenodctum
282 2535 367 2579 entem
391 2533 504 2593 primum
521 2532 588 2592 epici
605 2532 672 2590 cycli
689 2533 803 2578 carmina
821 2532 953 2579 ordinasse
971 2533 1062 2579 statuit
1080 2532 1195 2580 welcker
1212 2532 1260 2592 Hp.
1281 2531 1373 2590 (lycius

98 2623 124 2670 p.
144 2611 242 2670 8sqq.,
264 2614 371 2672 propter
392 2611 471 2658 verba
494 2610 619 2659 Anecdoti
643 2610 750 2658 Humani
768 2611 801 2657 ab
823 2611 935 2658 Osannio
952 2610 1028 2662 editi:
1047 2611 1207 2668 „Alexander
1224 2610 1330 2658 Aetolus
1348 2613 1374 2658 et

100 2689 269 2750 ‚Lycophron
288 2690 465 2738 chalcidensis
481 2692 508 2737 et
523 2690 669 2737 zenodotus
687 2690 817 2751 Ephesius
834 2688 949 2750 impulsu
968 2692 1036 2750 regis
1053 2690 1193 2738 Ptolemaei
1210 2688 1374 2751 Philadelphi

100 2772 342 2830 ,cognomentc....
352 2770 415 2817 artis
434 2769 550 2829 poeticae
567 2769 647 2816 libros
663 2770 689 2816 in
704 2782 785 2816 unnm
809 2770 969 2829 collegerunt
987 2774 1013 2817 et
1029 2771 1056 2816 in
1076 2770 1192 2817 ordinem
1210 2768 1374 2830 redegerunt,

99 2847 261 2902 ,Alexander
282 2848 436 2908 tragoedias,
453 2848 606 2909 Lycophron
628 2847 783 2906 comoedias,
808 2849 954 2896 zenodotus
980 2862 1041 2897 vero
1059 2849 1164 2896 Homeri
1180 2849 1329 2909 poemata;”
1348 2851 1375 2896 et

99 2926 210 2974 fortesee
225 2926 278 2975 hnc
295 2930 415 2988 spectent
430 2927 537 2975 Ausonii
553 2927 631 2974 rerba
648 2928 731 2987 Hpist.
752 2927 836 2974 XVIII
856 2929 887 2975 28
1297 2934 1300 2941 ’

390 3008 486 3067 quique
503 3008 571 3055 sacri
593 3008 707 3055 lacerum
725 3008 830 3067 collegit
847 3020 941 3068 corpus
958 3008 1072 3068 Homeri,

99 3098 165 3146 quae
183 3085 216 3132 de
232 3085 363 3134 Zenodotc
379 3087 498 3134 ridentur
516 3087 585 3135 diota
603 3100 661 3135 esse
678 3083 758 3152 (Wolf
775 3085 875 3147 Proleg.
892 3101 918 3148 p.
936 3087 1003 3149 200).
1021 3089 1072 3136 Sed
1089 3089 1152 3136 nihil
1170 3089 1255 3135 obstat
1273 3088 1373 3147 quomi-

99 3178 149 3212 nus
171 3164 307 3212 credamus
329 3162 457 3213 Pisistrati
481 3179 542 3214 cure
565 3166 650 3214 simile
668 3167 731 3227 quid
748 3168 800 3215 lem
818 3170 892 3215 antes
910 3181 966 3215 esse
985 3168 1090 3224 iactum,
1108 3168 1169 3215 licet
1184 3169 1271 3228 ipsum
1289 3180 1373 3214 ιιοοτνν

99 3245 165 3304 cycli
182 3244 250 3306 apici
266 3258 328 3292 aevo
345 3245 518 3293 Alexandrino
535 3259 586 3293 non
603 3247 637 3294 sit
654 3247 794 3306 antiquius,
813 3247 921 3294 fumasse
938 3248 1075 3294 recentius.

133 3325 214 3372 Nemo
239 3327 327 3373 autem
352 3339 402 3373 non
425 3327 538 3373 suaviter
561 3326 655 3374 ridebit
677 3327 757 3374 alium
779 3328 975 3386 grammaticum
992 3327 1019 3372 in
1039 3326 1148 3373 Bekkeri
1165 3325 1259 3373 Anecd.
1277 3340 1302 3386 p.
1323 3325 1370 3372 ’167

99 3404 135 3450 iia
152 3404 334 3452 disserentem:
352 3406 377 3450 ίν
394 3421 436 3451 τινι
454 3408 532 3470 χρόνῳ
549 3407 578 3452 τὰ
593 3406 692 3469 Ὀμήρου
709 3406 827 3465 ποιήματα
842 3410 993 3470 παρεφθάρη,
1011 3405 1022 3466 ἢ
1041 3406 1085 3452 ὑπὸ
1101 3408 1173 3471 τυρὸς
1188 3405 1200 3465 ἢ
1215 3406 1259 3453 tul
1276 3412 1373 3463 σιιυμοῠ

101 3481 114 3541 ἦ
141 3484 186 3530 ὑπὸ
213 3485 304 3530 ὑδάτων
329 3487 457 3550 νποφορᾰς,
483 3487 521 3532 καί
548 3485 622 3532 ἄλλων
648 3486 720 3539 ἄλλως
745 3493 790 3532 τῶν
814 3490 911 3549 βιβλίων
934 3485 1152 3533 διασκιδαοθίντων
1175 3488 1212 3533 καί
1236 3486 1375 3549 φθαρέντων

100 3562 194 3626 &cepoe
221 3563 308 3628 ιύρίθη
325 3565 339 3610 ὅ
354 3565 397 3622 μίν
412 3564 473 3623 Ιχων
489 3565 563 3624 τυχὸν
584 3564 667 3611 inuste
685 3569 781 3625 στίχους
800 3565 941 3631 Ὁμηρικοὺς,
960 3567 973 3612 δ
992 3566 1018 3612 et
1035 3570 1131 3625 χιλίους,
1149 3565 1216 3619 ἄλλος
1234 3566 1374 3621 διακοσίους,

99 3640 166 3695 ἄλλος
191 3642 262 3696 ὅσους
287 3640 316 3688 ἂν
339 3642 414 3701 hvgo,
438 3644 477 3689 aul
494 3644 571 3700 ίμιίίι
594 3647 657 3706 λήθη
677 3644 856 3708 παραδίδοσθαι
876 3648 888 3705 η
905 3648 1000 3704 τοιαύτη
1017 3649 1114 3704 ποίησις.
1132 3646 1189 3691 ἀλλὰ
1209 3645 1376 3706 Πιισίοτρατός

100 3723 280 3781 scanderentur
294 3722 459 3786 στρατηγὸς...
469 3720 574 3788 ίιτηρυξιν
592 3725 616 3769 tr
631 3725 696 3786 τάση
710 3729 737 3786 τῇ
750 3723 850 3777 Ἑλλάδι,
866 3724 907 3770 τὸν
921 3725 1006 3783 ίχοντα
1018 3724 1151 3788 Ὁμηρικούς
1169 3729 1265 3784 στίχους
1280 3726 1375 3782 ἂγαγιῖν

100 3799 157 3862 πρὸς
181 3799 271 3855 kustu
298 3802 334 3847 orl
358 3806 439 3863 μισθῷ
462 3802 579 3865 ὡρισμένῳ
602 3803 658 3850 καθ’
684 3806 782 3850 traseae
799 3808 882 3863 στίχον
900 3807 961 3858 etc.;
981 3804 1073 3851 deinde
1091 3805 1176 3863 pergit
1191 3804 1316 3850 narrando
1333 3804 1374 3850 Pi-

100 3879 231 3927 mustum
249 3879 348 3940 aliquot
364 3880 433 3927 viros
450 3880 598 3941 designasse
616 3882 661 3942 qni
678 3896 768 3929 versus
785 3882 877 3929 allatos
895 3882 1050 3940 ordinarent,
1072 3883 1189 3942 singulos
1206 3896 1252 3942 pro
1270 3882 1375 3929 arbitrio

100 3957 267 4020 dlapomiase,
284 3958 393 4006 duorum
411 3964 498 4007 sutem
515 3961 657 4008 Aristarchi
675 3964 701 4008 et
717 3961 839 4009 Zenodoti
856 3961 1031 4021 praevaluisse
1049 3961 1183 4008 ordinandi
1196 3962 1328 4008 rationem.
1343 3988 1372 3996 -

100 4039 233 4087 flimillima
259 4040 338 4087 habet
364 4041 458 4087 Tzetze
480 4041 506 4087 in
532 4043 612 4100 Exeg,
630 4040 703 4087 Iliad.
722 4055 747 4100 p.
767 4042 814 4087 lla
832 4041 989 4096 Bachmonn,
1008 4044 1034 4087 et
1050 4041 1200 4087 iucundiora
1218 4041 1295 4088 etiam
1313 4044 1374 4087 sunt

100 4131 164 4177 quae
182 4120 208 4166 in
226 4119 333 4167 Nauokii
350 4119 445 4166 Lexioo
463 4120 650 4167 Vindobonensi
668 4134 693 4180 p.
712 4121 760 4166 ale
779 4119 955 4167 venditantur:
975 4120 1138 4182 ,Pisistratus
1153 4121 1281 4178 quondam
1296 4121 1373 4167 Athe·

102 4198 242 4253 ,niensinm
269 4201 402 4258 tyrannm,
428 4199 570 4246 inordinata
596 4198 680 4245 adhuc
703 4202 729 4245 et
752 4200 859 4245 confusa
883 4200 954 4259 poesi
975 4199 1088 4255 Homeri,
1106 4200 1219 4258 praemio
1237 4200 1375 4247 sollicitare

101 4277 251 4337 ¹‚proposuit
268 4291 313 4324 soa
331 4278 376 4337 qni
394 4291 450 4324 eam
469 4279 616 4325 ordinarent
633 4278 716 4336 iisqne
733 4279 841 4338 praemii
860 4279 962 4325 nomine
980 4277 1005 4323 in
1024 4277 1139 4336 singulos
1153 4292 1243 4325 versus
1257 4280 1372 4338 singulos

102 4356 204 4417 ,obolos
227 4357 369 4404 constitnit.
393 4357 511 4404 Mercede
533 4358 609 4404 multi
632 4356 730 4403 inducti
755 4370 892 4418 pauperes,
916 4356 1010 4416 quibus
1033 4357 1164 4416 ingenium
1188 4359 1312 4406 affluebat
1312 4393 1375 4420 .....

102 4434 234 4494 ,tingendo
259 4435 387 4496 plurimos
412 4448 502 4482 versus
526 4437 613 4496 operis
638 4436 798 4483 nobilitatem
816 4438 1010 4496 corruperunt',
1030 4440 1104 4483 -et
1127 4437 1192 4484 hanc
1216 4439 1249 4485 ob
1270 4451 1374 4485 cansam

99 4515 260 4562 Aristarchus
277 4511 345 4560 obelo
362 4514 489 4560 notaverit
505 4527 595 4562 versus
612 4515 722 4575 spurios,
740 4528 805 4574 qnos
821 4515 966 4575 peperisset
982 4512 1102 4561 obolorum
1121 4529 1199 4563 amor.
