3120 5124
757 416 820 480 666
1304 414 1333 488 [s
1354 414 1406 478 616

144 606 321 682 (1161616116,
353 605 436 679 quod
472 605 528 664 vix
563 620 702 678 usquam
733 605 809 664 alibi
839 605 923 678 apud
954 604 1135 664 Homerum
1167 603 1293 664 iactum
1317 606 1366 663 est
1383 607 1407 678 ¹),

144 711 281 781 utraque
304 707 422 780 legitur
445 707 566 766 forma:

289 805 336 868 ool
360 802 388 866 δ’
416 804 461 866 ἂν
484 804 540 887 ἐγὼ
563 804 681 884 πομπὸς
703 805 756 866 καί
775 828 816 867 κε
839 804 946 867 κλυτὸν
964 803 1071 887 ’Ἄργος
1095 806 1216 885 ἱκοίμην
1235 803 1268 877 ²).

144 913 316 972 Poteratne
347 910 467 970 clarius
496 909 639 985 indicari,
672 909 750 969 nihil
782 925 914 984 prorsus
937 911 1120 971 interesse?
1150 910 1242 971 Idem
1271 908 1359 969 valet
1379 908 1410 968 de

144 1014 224 1075 locis
254 1012 387 1088 aliquot,
411 1007 526 1072 ubido
549 1031 581 1069 κε
605 1011 812 1085 copulantur;
843 1027 921 1072 nam
945 1027 1060 1072 versus
1082 1012 1129 1072 illi
1154 1011 1266 1071 vitiosi
1289 1010 1410 1083 quiden

145 1117 223 1175 sunt
244 1113 355 1189 procul
378 1114 483 1189 dubio,
508 1114 565 1173 sed
587 1128 628 1173 ne
650 1113 741 1173 nasci
764 1113 894 1185 quidem
917 1114 1044 1187 poterat
1066 1114 1128 1173 hoc
1147 1113 1267 1172 vitium
1289 1113 1319 1172 si
1337 1112 1411 1170 inter

145 1213 183 1275 dv
214 1218 248 1276 et
276 1236 328 1274 m
356 1215 531 1276 discrimen
559 1215 687 1287 aliquod
718 1216 776 1275 aut
802 1212 1411 1276 66661611666611116161111.18111661

145 1334 226 1393 quos
248 1318 335 1378 dico:

190 1424 221 1479 A
246 1421 308 1480 187
372 1411 437 1496 ὄφρ’
471 1413 517 1476 ἂν
547 1413 601 1494 μέν
631 1438 698 1477 κεν
728 1414 808 1501 ὁρᾷς.
839 1419 978 1492 Legatur
1009 1433 1084 1478 cum
1114 1416 1261 1478 Nauckio
1291 1407 1345 1494 ἧος
1367 1411 1412 1492 μέν

191 1527 221 1580 Λ
245 1522 308 1580 202
612 1540 663 1578 κεν
686 1515 758 1602 ὁρᾷς
782 1521 844 1590 (vel
868 1513 1018 1597 potiusi
1045 1516 1157 1602 ὁράῃς).

190 1645 202 1682 ε
227 1625 289 1683 361
315 1616 380 1699 ὄφρ’
407 1617 452 1679 ἂν
475 1616 529 1699 μέν
552 1641 618 1680 κεν
641 1614 757 1698 δούρατ’
824 1621 886 1682 Hic
921 1636 1048 1694 quoque
1084 1636 1160 1680 oum
1191 1619 1338 1680 Nauckio
1367 1608 1412 1695 ἧος

190 1727 206 1797 ζ
228 1727 292 1785 259
316 1716 382 1802 ὄφρ’
418 1719 464 1782 ἂν
487 1718 541 1799 μέν
564 1717 586 1781 κ’
613 1719 724 1802 ἀγροὺς
875 1719 930 1800 μέν
953 1725 1014 1784 etc.
1039 1723 1213 1796 legendum
1238 1737 1365 1783 consec.

191 1829 224 1885 N
249 1828 310 1886 127
341 1821 377 1896 ἃς
400 1818 457 1885 οὔτ’
484 1820 523 1883 ἅν
545 1844 612 1883 κεν
629 1821 719 1903 ’Ἀρης
742 1819 889 1884 dodonaeo·
903 1823 1060 1902 μετελθών.
1085 1824 1233 1885 Correxit
1255 1823 1412 1884 vHerwer·

235 1923 773 2004 (161111ρρ1611ν.(11.161.1661.
800 1929 829 1984 A
855 1927 1160 1987 1118115Ρὸ58.

201 2052 212 2088 ι
236 2031 299 2089 334
324 2028 355 2089 οἳ
376 2022 405 2086 δ’
431 2025 535 2106 ἔλαχον
557 2026 627 2099 τοὺς
654 2024 700 2087 dv
722 2049 763 2087 κε
785 2024 836 2087 καὶ
859 2025 971 2106 ἤθελον
994 2026 1083 2100 αὐτὸς
1106 2025 1236 2088 ἑλέσθαι.
1261 2028 1323 2089 Hic
1348 2042 1412 2101 quo

235 2148 297 2206 que
328 2126 365 2209 dp
396 2146 453 2205 pro
484 2126 523 2189 ἅν
554 2131 692 2191 fortasse
725 2130 855 2192 sufficit.
880 2130 1083 2206 Quamquam
1107 2130 1292 2204 graviorem
1316 2129 1413 2190 labem

237 2234 323 2293 hunc
354 2248 487 2292 versum
512 2233 714 2294 contraxisse
737 2233 884 2307 suspicor
906 2235 1035 2307 propter
1057 2247 1190 2293 versum
1214 2231 1413 2292 subsimilem

237 2337 404 2396 ettamen
427 2334 684 2395 dissimillimum
708 2334 743 2391 Η
766 2336 838 2395 182.

196 2453 213 2496 o
238 2437 301 2497 318
325 2433 372 2514 ἥν
395 2457 449 2515 περ
468 2434 524 2514 γάρ
547 2431 570 2494 κ’
597 2432 728 2495 ἐθέλωσι.
757 2436 983 2497 certissimum
1008 2437 1190 2498 remedium
1213 2435 1414 2511 inpromptu

234 2541 295 2615 661,
319 2553 436 2613 nempe
459 2535 571 2616 εἴπερ,
595 2538 678 2610 quod
701 2538 802 2598 codex
825 2538 956 2599 Meerm.
980 2539 1120 2614 praebet.

189 2743 280 2802 Idem
303 2743 456 2816 igitur-
470 2741 573 2800 denuo
597 2742 657 2801 hoc
680 2741 760 2815 dico,
785 2733 826 2812 εἷς
849 2738 905 2820 γὰρ
928 2738 1015 2821 λόγος
1038 2763 1088 2819 μοι
1111 2734 1188 2820 δεῦρ’
1215 2738 1263 2801 ἀεὶ
1286 2739 1414 2821 περαίνε-

146 2865 255 2919 116,-
270 2844 356 2904 idem
381 2841 564 2916 significant
586 2863 638 2901 κεν
661 2839 764 2919 6111,
787 2844 821 2903 61
843 2845 957 2905 eadem
980 2845 1104 2905 ratione
1127 2843 1332 2905 adhibentur.
1360 2840 1415 2903 Sed

144 2960 208 3006 non
240 2945 280 3005 ab
311 2945 428 3004 iisdem
459 2944 659 3006 adhibentur.
692 2946 798 3004 Immo
822 2950 894 3016 adv)
918 2945 1087 3006 Aeolicum
1110 2961 1184 3006 6666
1207 2946 1291 3005 66116
1314 2959 1414 3019 super-

145 3061 207 3119 que
241 3047 379 3122 constat,
415 3047 539 3120 passim
569 3047 656 3107 enim
686 3046 720 3106 in
750 3047 891 3109 ‘Aeolicis
922 3048 1144 3108 monumentis
1166 3047 1338 3122 reperitur,
1360 3059 1414 3105 nec

143 3163 207 3208 non
238 3148 271 3208 in
302 3147 497 3207 Thessalicis
528 3148 561 3207 et
585 3147 737 3222 Cypricis.
761 3149 870 3209 Etiam
893 3150 1016 3210 Doricis
1038 3149 1189 3223 gentibus
1212 3148 1247 3208 in
1271 3149 1413 3221 ueneat,

144 3251 201 3310 sed
231 3249 326 3324 paulo
357 3249 451 3308 aliter
477 3250 736 3326 pronunciatum,
760 3266 875 3325 nempe
899 3249 952 3311 nd:
977 3251 1233 3326 comparaverim
1258 3245 1352 3309 ἕνεκα
1375 3280 1413 3290 -

143 3349 264 3411 ἕνεκεν.
299 3352 399 3412 ionici
434 3368 510 3413 vero
544 3354 578 3413 et
608 3354 709 3414 Attici
740 3355 876 3414 utuntur
908 3354 1022 3415 vocula
1052 3350 1107 3426 ‹lv3
1139 3368 1245 3427 neque
1267 3354 1347 3413 nota
1368 3351 1415 3412 661

144 3455 301 3516 dialectos
325 3456 358 3515 in
381 3469 445 3527 qua
466 3455 649 3529 permixtae
673 3455 792 3516 fuerint
815 3456 876 3516 hae
899 3456 1086 3530 particulae.

188 3556 271 3616 Nam
294 3555 375 3616 nihil
397 3570 505 3615 moror
527 3556 560 3615 in
582 3557 644 3616 hac
666 3572 701 3617 re
725 3557 967 3632 inscriptionem
991 3557 1181 3618 Arcadicum
1205 3556 1289 3616 satis
1312 3570 1412 3616 recen·

142 3660 221 3734 tem,
236 3657 312 3718 coll.
333 3659 427 3718 1222.
449 3658 486 3717 In
506 3672 569 3730 qua
588 3673 663 3718 cum
683 3654 721 3716 dv
741 3655 799 3738 (dy,
818 3655 869 3736 dp)
886 3661 1073 3720 constanter
1092 3674 1182 3720 more
1206 3659 1318 3719 Attico
1333 3657 1412 3719 adhi-

141 3761 265 3835 beatur,
285 3762 400 3834 quater
419 3759 557 3835 scriptae
577 3762 692 3821 extant
710 3761 792 3821 66116
812 3761 914 3822 mirae
935 3762 1067 3822 voculae
1086 3762 1350 3837 EIKANssinh,
1366 3759 1412 3834 10,

146 3864 196 3937 15,
221 3863 283 3929 26).
316 3862 473 3937 Quartum
504 3863 611 3924 locum
643 3864 826 3924 excribam:
857 3860 932 3922 κατὰ
958 3860 1034 3922 αὐτὰ
1058 3858 1090 3922 δὲ
1112 3860 1162 3922 καὶ
1186 3865 1330 3922 ΕΙΚΑΝ
1351 3864 1411 3936 [alc

142 3960 231 4021 πλέον
255 3959 274 4040 ἢ
298 3963 354 4023 δύο
378 3961 447 4043 ἔργα
470 3961 520 4041 ἔχη
544 3965 604 4024 etc.
629 3964 726 4024 Vides
749 3965 783 4024 in
806 3965 857 4024 his
880 3965 998 4025 litteris
1021 3980 1084 4025 non
1107 3979 1203 4040 posse
1223 3966 1358 4041 cogitari
1377 3964 1411 4025 de

143 4064 226 4123 crasi
251 4065 383 4125 voculae
406 4064 478 4123 καί.
503 4066 563 4125 Sed
587 4065 719 4141 dudum,
740 4081 794 4126 me
811 4067 925 4143 iudice,
947 4082 1062 4128 verum
1081 4068 1236 4129 indicavit
1247 4069 1408 4143 Bergkius,

145 4204 338 4213 ——n—

177 4267 197 4334 ¹)
215 4273 253 4318 Gi.
280 4293 390 4320 κωκυ
408 4276 485 4322 11188
503 4279 529 4322 et
547 4276 596 4322 l.a.
614 4278 698 4323 ra18.
716 4277 763 4324 vix
781 4291 847 4338 opus
865 4282 950 4326 661111
968 4279 1082 4326 etiarnA
1100 4279 1147 4326 801
1166 4279 1287 4326 hocloco
1304 4289 1406 4326 comme

142 4355 262 4412 moretur,
288 4366 346 4399 nam
371 4353 408 4400 ibi
434 4367 483 4400 non
505 4354 643 4414 legendnm
670 4370 727 4403 6666
751 4358 820 4416 qnod
846 4358 937 4418 optimi
953 4358 1080 4419 praebent
1102 4358 1206 4405 codices
1224 4366 1270 4405 tor
1286 4360 1329 4405 oda
1345 4359 1371 4404 d·
1387 4370 1405 4400 a

142 4429 220 4493 φόροις
241 4429 270 4476 ἂν
294 4435 373 4486 lior,
399 4432 445 4479 sed
471 4433 497 4479 id
523 4434 592 4493 qnod
615 4435 753 4483 hodiernae
779 4437 905 4484 editiones
922 4437 1045 4485 exhibent
1062 4451 1152 4486 omnes
1169 4438 1291 4495 ἀπιών,
1308 4447 1404 4498 prorsus

143 4511 249 4554 constat.

176 4585 196 4645 ¹)
213 4587 388 4636 Bankesianns
405 4604 452 4651 pro
469 4592 494 4637 d'
514 4591 542 4638 dv
560 4593 639 4640 habet
655 4596 704 4653 pb.
721 4595 817 4643 Verum
835 4596 901 4643 ‹lnco
918 4598 945 4644 δ’
969 4597 1003 4644 ἂν.
