3120 5124
744 388 808 448 282
1290 385 1319 458 [S
1342 388 1350 446 l

142 576 264 637 clatum
297 579 438 639 voluisse
468 578 605 652 incipere
639 577 709 638 coll.
742 578 771 634 A
804 575 846 634 29
878 590 952 635 cum
985 573 1173 633 Aristarcho
1207 573 1350 633 arbitram

142 680 335 753 quapropter
352 679 542 754 scripsimus
561 676 632 738 οὐδὲ
652 701 703 754 μιν
723 674 884 752 ἀνστήσεις·
904 673 975 752 πρίν
996 695 1046 733 κεν
1066 671 1160 733 κακὸν
1172 669 1350 756 ditandove

143 779 180 838 In
204 780 311 839 Patr
336 781 479 854 graviter
501 780 634 841 offendit
658 779 758 839 futuri
781 778 886 838 forma
919 778 1085 836 contracta
1111 783 1210 850 σφωιν
1234 768 1262 833 δ’
1290 771 1350 855 ἐν)

142 894 222 938 νεσσι
252 881 333 957 βαλῶ
357 879 444 958 μένος
467 882 581 952 (νί1.5
609 883 692 956 147),
717 882 863 941 attamen
887 894 951 938 non
974 876 1219 952 praeferendam
1243 891 1312 936 esse
1331 875 1350 938 l.

143 979 224 1057 βάλω
247 998 287 1042 ex
310 983 351 1042 iis
374 998 455 1056 quae
478 983 718 1057 disputavimus
741 984 891 1056 apparet;
923 980 1016 1041 nobis
1040 973 1165 1056 ·’βάλον
1189 992 1301 1038 verum
1322 979 1350 1038 vi

143 1084 205 1141 tur.
237 1082 380 1156 Denique
411 1084 430 1161 β
455 1085 517 1144 222
542 1083 623 1161 σήμύ
645 1080 675 1142 τέ
698 1084 751 1142 for
773 1081 848 1160 χεύω
872 1078 923 1139 καὶ
946 1077 994 1139 iat
1017 1077 1118 1158 κτέρεα
1140 1077 1274 1156 κτερεΐξω
1293 1073 1297 1152 Ι
1314 1098 1350 1137 πο.

143 1176 206 1259 μάλ’
243 1182 314 1242 ὅσσα
343 1180 475 1255 δέδοικε,
496 1182 546 1243 καὶ
570 1182 651 1261 ἀνέρι
675 1181 784 1261 μητέρα
809 1181 894 1242 δώσω
918 1183 980 1242 huc
1004 1181 1091 1256 facit,
1121 1195 1198 1241 nam
1223 1178 1296 1257 χεύω
1317 1177 1342 1249 (l.

143 1285 247 1363 χεύσοτ)
277 1286 423 1347 futurum
454 1303 526 1348 esse
549 1288 661 1361 nequit
684 1287 734 1357 (cf.
756 1286 774 1355 ἓ
800 1287 890 1359 147);
916 1282 1017 1362 ’σῆμά
1040 1281 1072 1343 κέ
1097 1282 1296 1357 scripsimus,
1318 1295 1350 1354 pri

143 1375 233 1447 terea
256 1386 322 1446 δύω
344 1389 567 1461 corrigendum
591 1404 663 1449 esse
688 1387 852 1462 suspicati.

188 1587 257 1662 His,
288 1603 370 1661 quae
400 1583 578 1665 tetigimus,
611 1589 791 1650 enunciatis
822 1588 968 1663 proxime
995 1587 1123 1660 cognati
1151 1588 1229 1646 sunt
1254 1583 1350 1658 loci,r

143 1688 368 1749 subiunciivus
398 1691 609 1751 cohortationi
643 1690 788 1750 adiectus
819 1689 966 1762 designat
997 1688 1029 1748 id
1052 1688 1135 1761 quod
1161 1688 1201 1746 ad
1225 1683 1350 1760 persuad

22 1833 28 1846 .
144 1789 221 1849 dum
245 1789 352 1851 faciat.
380 1791 511 1851 Talibus
533 1793 622 1871 locis,
635 1790 685 1850 ἵνα
708 1790 874 1866 praemitti
896 1791 1032 1864 poterat,
1056 1804 1116 1849 neo
1135 1791 1248 1848 tamen
1268 1787 1350 1846 dicen

144 1890 300 1950 omissam
336 1907 408 1952 esse
438 1907 512 1952 eam
543 1893 745 1967 particulam,
778 1891 834 1951 sed
864 1890 1034 1965 parataxin
1066 1890 1290 1963 agnoscimus:
1315 1876 1350 1947 iui

144 1992 272 2063 ponitur
294 1992 513 2069 enuntiatum,
538 1995 622 2067 quod
644 2008 704 2053 nos
727 1993 760 2052 in
784 1992 981 2052 sententiam
1003 1991 1228 2051 secundariam
1248 1989 1350 2049 mutati

146 2105 165 2149 a
187 2092 392 2165 praecedenti
414 2093 695 2168 suspenderemus.
720 2093 896 2153 Videantur

189 2194 214 2249 Z
237 2193 302 2251 340
324 2187 383 2252 ἀλλ’
409 2189 461 2272 ύχε
484 2202 541 2253 νῦν
563 2191 725 2271 ἐπίμεινον,
747 2190 837 2271 ἀρήια
860 2191 962 2270 τεύχεα
985 2191 1072 2252 δύω.

189 2294 220 2350 Χ
251 2295 313 2353 130
342 2291 477 2373 βέλτερον
507 2285 569 2355 αὖτ’
606 2293 680 2374 έριδι
711 2287 945 2369 ξυνελαυνέμειέ,
976 2290 1035 2352 ὅττι
1057 2291 1176 2370 τάχιστα
1197 2286 1201 2369 l
1221 2292 1244 2349 δ
1251 2290 1285 2350 εί
1291 2290 1308 2349 δ
1315 2310 1350 2366 ομ

145 2388 297 2476 ὁπποτέρῳ
320 2415 371 2453 κεν
392 2389 550 2472 Ὀλύμπιος
573 2386 657 2475 εύχος
681 2391 774 2477 δρέξρ.

189 2496 220 2552 Χ
236 2496 300 2556 416
321 2511 390 2569 sqq.
411 2493 525 2575 σχέσθε,
544 2496 635 2573 φίλοι,
658 2495 710 2556 καί
727 2490 753 2573 μ’
774 2487 840 2555 οἷον
859 2491 962 2553 έύσατε
977 2492 1140 2571 κηδόμενοί
1155 2513 1210 2572 περ
1230 2488 1234 2574 Ι
1256 2489 1350 2566 έξελθύ

136 2594 255 2671 »πόληος
279 2591 372 2655 ἱκέσθ’
398 2594 446 2656 έπλ
467 2605 543 2675 νήας
567 2602 697 2676 Ἀχαιῶν,
717 2594 721 2678 l
740 2589 895 2673 λίσσωμ’
921 2591 1013 2672 οἰνέροι
1035 2603 1141 2654 τοῦτον
1164 2597 1225 2656 ete.

189 2700 221 2755 X
242 2699 306 2758 450
330 2698 422 2776 δεῦτε,
445 2699 507 2760 δύω
531 2722 581 2778 μοι
604 2697 721 2776 ἕπεσθε,
742 2697 843 2758 filo
869 2697 934 2757 τίνα
956 2695 1051 2777 έέρχα
1074 2695 1214 2758 τέτυκται.

193 2801 227 2857 Ψ
248 2800 286 2859 71
317 2799 414 2859 θάπτε
444 2821 489 2877 με,
519 2799 578 2861 ύττι
608 2800 726 2879 τάχιστα
753 2800 849 2871 πύλας
877 2799 996 2858 afilae
1020 2797 1184 2877 περήσω.
1212 2833 1251 2842 -
1277 2798 1350 2858 Veri

146 2898 287 2959 vicinum
316 2903 350 2959 Ψ
370 2903 410 2962 75
433 2901 486 2960 ab!
506 2924 556 2978 μοι
579 2901 631 2974 δδς
653 2900 707 2979 τήν
731 2896 810 2980 χεῖρ’,
833 2897 1019 2980 ὀλοφύρομαι
1040 2900 1154 2961 eadem
1175 2899 1350 2961 rationein

145 3001 331 3074 prolabatur
361 3002 579 3079 Aristarchus,
604 3020 661 3079 pro
685 3003 734 3062 ἵνα
763 2999 953 3079 ὀλοφύρομαι
978 3003 1100 3062 dictum
1125 3018 1198 3062 esse
1219 3005 1350 3075 ratus;:

145 3103 232 3161 recte
255 3103 376 3178 tamen,
401 3105 452 3164 est
475 3105 561 3165 enim
585 3120 739 3179 praesens
762 3104 938 3178 indicativi,
962 3103 995 3163 in
1022 3104 1208 3178 parenthesi
1241 3104 1350 3164 adiecti

145 3203 274 3263 obsecro.

188 3326 206 3382 γ
232 3305 271 3364 17
305 3319 352 3378 8ο.
384 3299 442 3363 ἀλλ’
476 3302 527 3384 dyc
558 3313 616 3365 νῦν
646 3304 718 3377 ἰθύς
741 3305 785 3365 κίε
808 3301 957 3383 Νέστορος
981 3302 1172 3382 ἱπποδάμοιο·
1194 3301 1200 3383 Ι
1219 3305 1350 3382 faldo!

146 3401 185 3480 ήν
208 3426 273 3462 τινα
297 3412 384 3482 μῆτιν
408 3403 452 3465 ivi
477 3405 618 3483 στήθεσσι
641 3404 775 3467 κέκευθε.

190 3505 273 3566 Hinc
304 3528 315 3563 ι
346 3509 410 3569 356
442 3524 497 3583 pro
522 3507 571 3567 ἴνα
594 3531 638 3568 τοι
673 3509 715 3568 δῶ
739 3508 848 3581 ξείνιον
874 3508 1072 3569 coniecimus
1096 3505 1163 3566 daia
1188 3506 1348 3583 ξεινήιον(

145 3609 163 3678 ἓ
196 3610 279 3684 122),
312 3611 345 3668 et
368 3608 444 3669 Fiok
471 3613 487 3667 λ
521 3611 583 3671 561
616 3626 672 3685 pro
695 3604 752 3668 ἀλλ’
779 3605 831 3687 ύχε
859 3608 958 3688 δεῦρο,
980 3605 1065 3684 ύναξ,
1088 3602 1124 3666 ἵν’
1149 3605 1221 3680 ἔπος
1244 3606 1294 3668 καὶ
1316 3615 1350 3685 με]

146 3704 277 3791 ἀκούσῃς
311 3710 518 3783 probabiliter
554 3711 719 3786 rescripsit
752 3706 825 3770 ἀλλὰ
859 3709 958 3782 favai
989 3706 1041 3788 ἄγε
1077 3708 1177 3786 δεῦρο,
1209 3708 1304 3782 λέπος
1336 3725 1350 3771 e

146 3808 259 3881 ecquid
294 3810 394 3870 etiam
426 3833 444 3869 κ
468 3813 533 3872 320
557 3813 619 3873 huc
641 3813 789 3888 pertinet,
814 3811 867 3871 ubi
892 3810 1024 3882 vulgata
1047 3810 1174 3870 hiatum
1199 3813 1350 3873 exhiberi

146 3909 263 3970 nifeste
297 3912 462 3987 vitiosum,
494 3910 581 3998 έρχεοΙ
604 3922 661 3972 νῦν
693 3912 849 3988 συφεόνδε,
882 3905 938 3989 μετ’
972 3908 1068 3971 ύλλων
1092 3908 1156 3984 λέξο
1183 3910 1350 3992 ε’ταέρωνδῖ

146 4011 190 4070 ibi
220 4005 330 4082 λέξέω)
361 4014 543 4087 recepimus
569 4030 586 4074 e
617 4016 684 4075 cod.
717 4015 742 4089 1,
777 4015 832 4074 sed
865 4014 1002 4073 fortasse
1035 4014 1081 4073 ita
1105 4014 1344 4088 interpretanda

146 4127 184 4171 ea
214 4112 318 4189 lectio,
352 4117 389 4174 ut
411 4111 527 4191 λέξεαι,
555 4116 797 4177 subiunctivum
821 4116 933 4175 aoristi
957 4115 1006 4185 (cf.
1033 4117 1059 4172 A
1084 4116 1145 4174 131
1172 4118 1256 4192 etc),
1282 4116 1350 4177 volu

146 4216 250 4287 poeta.
284 4214 321 4273 In
355 4218 450 4276 textu
485 4219 596 4276 tamen
628 4218 746 4277 tradito
773 4217 884 4291 primo
915 4219 1046 4277 tantum
1075 4231 1223 4292 persona,
1256 4219 1295 4277 ut
1324 4232 1350 4278 m

146 4313 299 4389 vidimus,
324 4316 371 4376 ita
393 4317 536 4378 adhibita
563 4317 728 4391 reperitur.

191 4417 220 4476 A
243 4418 431 4478 recentioris
454 4419 582 4492 linguae
607 4434 667 4478 usu
690 4433 754 4478 non
777 4419 959 4493 discrepant
983 4419 1053 4495 loci,
1074 4419 1128 4478 ubi
1155 4420 1335 4483 formulam

25 4594 29 4600 ι
147 4514 199 4596 ἄγε
224 4519 274 4578 vel
298 4512 337 4578 εἶ’
364 4516 416 4598 ἄγε
441 4513 569 4590 63282
593 4521 739 4593 sequitur
757 4521 860 4594 prima
885 4536 1022 4595 persona
1043 4521 1350 4587 subiunctivihorta
