3120 5124
60 424 79 501 q
105 427 180 516 sao]
663 428 727 489 sca

58 613 137 672 sunt
163 605 229 690 ὄφρ’
255 608 293 672 liv
315 627 372 687 pro
395 608 474 691 iope
497 606 520 672 κ’
548 615 581 673 et
604 613 733 690 similia,
757 614 791 674 in
814 615 930 688 quibus
953 615 1079 676 nonnisi
1104 631 1168 676 una
1188 615 1333 676 litterula

59 715 130 774 erat
150 715 317 776 mutanda.
340 715 437 776 Brevi
459 715 533 788 post
554 728 611 788 pro
635 713 674 786 ὥς
697 735 759 792 κεν,
780 723 843 786 πῶς
865 737 916 776 κεν
940 717 1090 778 credibile
1110 719 1161 778 est
1182 719 1331 791 coeptum

58 831 131 877 esse
163 816 317 878 substitui
343 813 383 888 ὡς
407 813 455 894 llo,
477 823 540 887 πῶς
563 812 611 893 ἄν,
633 832 715 890 quae
738 832 900 891 nusquam
924 833 987 880 non
1010 819 1166 879 substitui
1188 819 1331 878 metrum

56 917 193 978 sinebat.
218 918 392 992 Aliquanto
414 917 546 994 diutius,
570 919 607 978 ut
629 917 775 994 arbitror,
800 919 924 980 intacta
946 920 1158 994 perstiterunt
1182 917 1199 979 ὅ
1221 940 1272 978 κεν
1297 920 1331 978 et

56 1017 190 1096 similia,
213 1033 296 1092 quae
319 1021 411 1081 utin
434 1014 467 1091 ὃς
491 1015 529 1078 ἄν
552 1024 613 1079 etc.
638 1021 843 1080 mutarentur
866 1021 941 1082 bina
962 1021 1117 1083 vocabula
1136 1021 1229 1080 erant
1248 1019 1332 1079 solli·

57 1120 197 1181 citanda.
219 1120 295 1182 Sero
315 1121 447 1182 demum
467 1122 614 1181 invectas
634 1136 750 1183 censeo
770 1122 902 1183 voculas
924 1139 965 1185 ex
984 1124 1202 1184 contractione
1225 1124 1332 1198 natas,

57 1221 92 1282 et
111 1220 163 1282 vel
186 1222 269 1282 hano
291 1223 331 1283 ob
355 1237 489 1283 causam
510 1222 542 1282 in
566 1222 738 1284 Homerico
758 1238 908 1284 sermone
933 1226 1102 1300 suspectas
1125 1225 1176 1295 (cf.
1196 1224 1270 1299 57),
1294 1219 1332 1299 ἢν

56 1318 133 1398 ἐπήν
163 1336 220 1396 pro
250 1321 286 1382 oi
311 1327 365 1394 uqa)
396 1325 429 1384 et
452 1319 517 1382 ἐπεί
537 1326 590 1393 nh)
612 1317 642 1393 ¹).
668 1325 781 1397 Itaque
804 1324 884 1385 illud
907 1325 1030 1386 dictum
1053 1325 1200 1401 Achillis,
1225 1339 1245 1384 a
1268 1339 1331 1397 quo

56 1424 243 1500 disputandi
259 1425 390 1486 initium
409 1424 557 1501 fecimus,
577 1424 631 1485 diu
652 1425 751 1485 etiarn
772 1427 845 1501 post
865 1425 1008 1500 ipsorum
1029 1428 1199 1501 poetarum
1212 1440 1330 1486 aevum

55 1525 105 1586 alc
125 1526 376 1600 pronunciatum
399 1525 479 1587 fuit:

257 1621 346 1702 ὄψεαι
368 1624 404 1684 αἴ
422 1620 444 1684 κ’
472 1622 624 1709 ἐθέλῃσθα
646 1624 697 1686 καὶ
720 1626 756 1687 αἴ
774 1625 825 1688 κέν
850 1651 894 1689 τοι
916 1627 952 1689 τὰ
976 1627 1100 1711 μεμήλῃ,

55 1728 90 1788 et
123 1740 196 1787 sero
227 1728 361 1788 demum
391 1728 506 1788 natum
536 1730 588 1788 est
619 1728 698 1788 illud
729 1725 768 1806 ἢν
800 1726 962 1814 ἐθέλῃσθα,
994 1730 1078 1803 quod
1108 1729 1147 1789 ad
1176 1742 1237 1788 nos
1265 1742 1332 1802 per·

56 1828 156 1889 venit.

101 1929 179 1990 Sero
209 1930 324 1990 natum
354 1930 435 2008 dico,
466 1932 500 1992 et
522 1944 720 2004 quamquam
744 1932 891 2007 tempora
913 1932 1099 1993 accuratius
1124 1929 1256 1992 definire
1281 1945 1331 1991 ne-

55 2045 149 2107 queo,
174 2030 319 2091 Platonis
342 2034 429 2093 certe
453 2047 533 2093 aevo
555 2031 729 2105 genulnam
754 2033 852 2093 huius
875 2033 937 2093 loci
956 2033 1129 2094 lectionem
1149 2033 1207 2092 aut
1227 2030 1332 2091 solam

57 2131 208 2193 extitisse
232 2133 289 2191 aut
310 2133 453 2193 nondum
473 2133 723 2193 intermortuam
744 2133 855 2210 fuisse,
875 2133 1090 2195 demonstrari
1109 2134 1225 2207 potest.
1246 2131 1330 2191 Nam

55 2232 140 2306 quod
173 2232 269 2293 medo
299 2234 471 2308 poscebam
495 2235 529 2294 et
552 2233 630 2293 olim
654 2233 774 2293 lectum
799 2233 901 2296 fuisse
924 2233 1142 2309 perhibebam,
1166 2232 1199 2292 id
1221 2246 1331 2305 quarn-

56 2348 157 2407 quam
190 2334 224 2393 in
255 2334 418 2395 codicibus
448 2333 568 2394 nostris
599 2334 791 2411 Homericis,
823 2350 886 2396 uno
917 2334 1156 2396 vindobonensi
1186 2335 1331 2409 excepto,

54 2451 120 2498 non
145 2436 312 2511 reperitur,
336 2434 455 2509 legitur
477 2436 588 2496 tamen
613 2436 697 2510 apud
720 2436 900 2513 Platonem,
925 2450 986 2511 quc
1007 2435 1075 2497 loco
1094 2435 1179 2495 huno
1199 2449 1331 2495 versum

55 2538 162 2614 affert,
198 2537 231 2596 in
266 2535 383 2610 Hippia
416 2535 537 2597 Minore
571 2551 642 2612 pag.
680 2537 788 2612 370t;
820 2553 879 2598 nec
910 2552 973 2598 non
1008 2538 1042 2596 in
1073 2536 1236 2609 Anonymi
1266 2532 1333 2613 περὶ

55 2636 213 2717 σχημάτων
237 2636 343 2698 libello
367 2637 508 2708 (Rhetor.
532 2637 668 2713 Spengel
687 2638 735 2697 III
755 2653 826 2712 pag.
851 2640 924 2715 141,
945 2638 1047 2699 Walz.
1068 2637 1144 2697 VIII
1163 2651 1233 2712 pag.
1257 2638 1333 2707 649)

55 2741 104 2800 sic
128 2740 257 2800 citatur.

101 2840 318 2902 Luculentum
351 2839 452 2914 igitur
479 2842 513 2901 et
543 2840 678 2900 minime
710 2840 842 2900 dubium
875 2840 934 2901 hoo
965 2841 1017 2900 est
1048 2839 1238 2914 exemplum
1270 2841 1332 2900 tra·

56 2941 189 3003 ditionis
218 2941 303 3002 inter
332 2961 384 3000 κεν
415 2941 449 3001 et
478 2936 516 2998 dv
548 2940 740 3001 vacillantis.
771 2941 884 3014 Itaque
916 2940 945 3000 si
972 2940 1050 3000 sunt
1071 2939 1220 3016 chtores,
1245 2940 1332 3001 iusto

56 3044 197 3104 domasse
228 3043 398 3120 cautiores,
429 3043 545 3116 quibus
576 3044 609 3102 in
640 3044 787 3103 veterum
817 3042 947 3117 scriptis
970 3042 1177 3103 recensendis
1200 3057 1333 3103 summa

57 3145 112 3206 lex
147 3145 275 3206 videtur
307 3145 436 3221 ,littera
466 3145 587 3218 scrIpta
619 3146 782 3219 maneto”,
815 3159 856 3204 ne
886 3144 919 3203 hl
950 3144 1080 3217 quidem
1105 3143 1225 3204 habent
1249 3145 1332 3217 quod

57 3247 252 3308 abhorreant
270 3247 303 3306 in
327 3246 473 3321 opinione
496 3261 595 3320 quam
618 3248 845 3308 commendare
868 3246 968 3323 coepi,
991 3261 1094 3306 unum
1116 3266 1168 3304 κεν
1187 3246 1332 3306 Homeri-

57 3364 135 3410 cum
166 3363 248 3424 esse,
280 3343 318 3407 dv
348 3350 460 3422 utpote
489 3349 676 3423 posterioris
707 3349 780 3409 aevi
803 3349 914 3409 sordes
937 3363 1010 3408 esse
1033 3348 1266 3408 removendum
1290 3363 1332 3407 cx

57 3443 148 3526 epioo
170 3451 275 3511 textu.
300 3449 482 3523 Utrumque
505 3451 593 3510 enim
616 3451 726 3510 nostro
751 3465 846 3511 versu
870 3450 1026 3510 traditum
1047 3452 1107 3526 est,
1129 3449 1215 3525 optio
1236 3449 1333 3522 Igitur

57 3552 151 3614 nobis
182 3553 234 3612 est
263 3551 419 3627 iacienda,
451 3552 724 3625 quemadmodum
756 3550 833 3611 olim
865 3551 952 3611 facta
982 3553 1033 3610 est
1059 3551 1145 3626 optio
1169 3566 1189 3611 a
1212 3550 1332 3611 oritIcis

57 3653 300 3730 Alexandrinis
323 3668 400 3714 cum
422 3656 550 3714 textum
576 3653 788 3713 Homericum
811 3653 1054 3713 constituerent.

102 3756 141 3815 In
164 3754 282 3828 quibus
303 3768 380 3829 prae
404 3754 520 3814 ceteris
544 3769 674 3829 semper
696 3754 904 3814 Aristarchus
928 3755 980 3813 est
1002 3753 1227 3813 nominandus.
1253 3753 1333 3829 Quid

56 3857 158 3932 igitur
180 3855 235 3916 ille
257 3855 296 3916 de
320 3856 381 3916 hac
404 3855 594 3929 quaestione
614 3855 800 3915 iudicabat?
819 3854 921 3928 Magis
941 3854 1072 3915 favebat
1090 3855 1267 3928 particulae
1286 3850 1333 3913 ἅν.

57 3958 130 4020 Non
152 3957 290 4018 totidem
313 3957 444 4030 quidem
469 3957 576 4018 verbis
598 3957 717 4018 diserte
741 3957 772 4017 id
796 3956 887 4016 uobis
911 3958 961 4016 est
984 3956 1151 4032 traditum,
1175 3956 1334 4017 sedeatis

57 4061 172 4121 tamen
196 4061 330 4134 apparet
352 4073 394 4119 ex
416 4058 458 4118 iis
481 4073 563 4132 quae
586 4058 727 4132 legimus
750 4058 784 4117 in
808 4057 940 4118 scholiis
964 4057 1004 4117 ad
1028 4059 1062 4116 N
1084 4058 1164 4118 289:

93 4351 114 4420 ¹)
131 4354 240 4403 Accedit
268 4356 449 4415 argumentum
475 4368 507 4402 ex
534 4355 623 4403 ordIne
650 4369 701 4416 quo
730 4354 871 4415 particulae
897 4354 966 4414 apud
993 4355 1134 4403 Homerum
1160 4355 1278 4415 excipere
1305 4369 1333 4403 se

58 4435 143 4483 solent
168 4434 325 4497 desumturn,
352 4435 421 4495 quod
445 4435 531 4482 verbin
554 4436 654 4484 Iouroi
675 4437 749 4482 Hom.
773 4432 896 4481 (lrumm.l
913 4447 938 4493 p.
957 4435 1005 4479 ³29
1024 4433 1154 4481 indicabo:
1174 4435 1234 4491 „the
1251 4448 1331 4495 usage

60 4515 138 4572 ,with
154 4514 248 4575 regard
264 4516 292 4562 to
308 4514 353 4562 the
370 4514 446 4562 order
462 4514 491 4561 oi
504 4514 549 4561 the
563 4515 688 4562 Partioles
706 4514 827 4562 excludes
841 4513 884 4560 the
899 4512 1086 4561 combinatIons
1105 4513 1131 4573 »lv
1145 4515 1177 4569 di,
1193 4515 1220 4574 ἤν
1236 4528 1287 4580 nep,
1306 4514 1333 4574 ἢν

61 4596 122 4659 ,γάρ
140 4618 173 4628 -
191 4592 232 4639 lor
248 4591 332 4640 thch
349 4593 445 4640 Homer
460 4592 544 4640 would
561 4593 626 4639 bave
644 4596 665 4640 sl
681 4593 705 4639 δ’
724 4594 760 4648 ἂν,
778 4594 800 4640 ol
814 4606 859 4655 nup
875 4592 912 4646 dr,
929 4593 952 4638 ol
966 4592 1011 4657 γὰρ
1028 4592 1080 4639 dvl’
