3082 5100
114 445 134 524 q
158 449 232 519 191]
721 446 784 506 437

161 636 192 705 2)
214 635 285 695 Non
307 635 340 694 in
365 635 490 695 cunctis
513 634 626 695 formis
651 635 703 694 ubi
727 635 891 709 expectari
913 637 1040 709 poterat
1062 639 1212 698 cernitur.

162 739 192 807 3)
215 737 265 797 Ad
293 739 436 797 metrum
468 735 665 796 fulciendum
697 736 860 796 veteribus
892 736 995 810 poetis
1022 738 1101 798 nihil
1123 740 1253 817 profuit,
1278 741 1386 814 itaque

117 854 158 899 ex
180 838 305 912 poetica
327 836 475 898 libertate
500 837 654 911 explicari
676 838 797 911 nequit.

161 941 192 1010 4)
215 939 311 1000 Verbi
334 936 386 998 ἐᾶν
409 954 472 999 non
496 940 693 1012 usurpantur
715 938 839 999 formae
862 938 1036 999 distractae
1050 936 1080 1014 ¹),
1104 941 1161 1000 sed
1181 941 1277 1002 huius
1298 944 1388 1003 verbi

117 1041 226 1102 littere
256 1040 400 1116 initialis,
428 1055 511 1115 quae
534 1043 567 1100 et
591 1040 674 1114 apud
699 1039 878 1100 Homerum
903 1042 937 1100 et
959 1040 1043 1114 apud
1068 1042 1192 1101 ceteros
1216 1044 1388 1118 scriptores

117 1157 231 1203 omues
253 1143 362 1204 brevis
384 1143 446 1218 est,
470 1141 509 1202 ad
533 1144 676 1203 metrum
701 1145 862 1214 utcunque
886 1141 1082 1216 explendum
1104 1144 1290 1216 producitur
1313 1146 1388 1215 (vid.

117 1261 147 1319 p.
170 1244 257 1313 424).
280 1244 318 1304 In
341 1244 400 1304 hoc
424 1243 522 1317 igitur
546 1244 653 1318 verbo,
677 1243 732 1302 ubi
753 1243 937 1303 necessaria
955 1258 1019 1303 non
1039 1243 1207 1304 videbatur
1227 1245 1389 1321 diectasiS,

117 1361 181 1406 non
212 1348 264 1406 est
293 1345 444 1406 adhibita.
477 1344 620 1404 Eandem
644 1344 894 1419 explicationem
919 1344 1039 1404 habent
1062 1344 1185 1405 formae
1209 1345 1314 1418 qualis
1338 1349 1389 1406 est

118 1455 292 1525 στρωφῶσα,
321 1462 458 1520 quarum
489 1446 595 1520 prima
624 1445 750 1519 syllaba
780 1445 812 1505 in
844 1448 938 1506 textu
968 1449 1095 1519 recepto
1125 1460 1294 1519 perperam
1322 1462 1389 1521 pro-

117 1549 254 1610 ducitur.

164 1652 195 1721 5)
218 1650 380 1712 Posterior
412 1650 476 1725 lae,
511 1650 540 1709 si
570 1649 609 1709 ad
641 1649 723 1708 hanc
754 1649 995 1724 provocandum
1025 1650 1085 1721 est,
1109 1648 1253 1709 litteram
1278 1672 1296 1707 α
1328 1665 1391 1710 non

118 1753 236 1813 iterare
257 1752 315 1812 sed
337 1753 413 1812 ante
437 1749 583 1811 vocalem
606 1750 638 1808 in
663 1771 675 1808 ε
698 1751 826 1810 mutare
849 1750 932 1810 solet
955 1744 1129 1819 (inretierat
1154 1745 1227 1827 ὁρέω
1252 1753 1334 1821 etc).

165 1854 195 1923 6)
219 1853 269 1912 Ab
299 1852 419 1913 infelici
449 1852 585 1924 denique
616 1852 760 1927 audacia,
784 1851 889 1924 qualis
912 1853 945 1910 iu
969 1852 1083 1910 formis
1105 1851 1270 1929 distractis
1294 1855 1392 1913 cerni·

118 1957 183 2029 tur,
222 1969 285 2014 non
320 1954 525 2015 abhorruisse
560 1953 747 2027 posterioris
781 1954 854 2012 aevi
888 1953 1047 2028 nominee,
1082 1955 1245 2013 testantur
1280 1970 1393 2015 versus

120 2056 252 2131 aliquot,
276 2055 330 2115 ubi
354 2055 474 2115 vocalis
497 2055 593 2115 metri
613 2069 712 2114 causa
733 2054 855 2113 inserta
876 2055 927 2113 est
946 2054 1059 2113 formis
1080 2063 1168 2126 quae'
1182 2069 1222 2115 ne
1243 2058 1392 2129 poterant

119 2157 249 2231 quidem
262 2156 407 2233 distrahi,
420 2171 495 2216 cum
507 2171 571 2216 non
583 2158 694 2216 essent
706 2171 746 2215 ex
759 2155 977 2215 contractione
989 2158 1101 2215 natae:
1115 2150 1258 2233 ἄγασθαι,
1270 2153 1396 2235 ἄγᾶσθε,

120 2257 240 2338 ἔρᾶσθε,
268 2259 308 2320 ab
339 2255 451 2338 ἄγᾶμαι
482 2261 515 2319 et
545 2256 649 2335 ἔρᾶμαι
680 2258 812 2331 ductae3
852 2272 909 2332 pro
940 2257 1056 2330 quibus
1083 2255 1236 2335 ἀγάασθαι
1260 2256 1395 2338 ἀγάασθε

121 2358 251 2441 ἐράασθε
274 2361 368 2422 hodie
392 2360 510 2434 legitur
533 2359 612 2420 locis
635 2359 748 2434 tribus,
773 2374 911 2431 quorum
933 2359 1058 2433 primus
1081 2361 1132 2418 est
1155 2379 1177 2417 ιι
1203 2362 1265 2419 203
1289 2376 1355 2434 sq:

345 2455 498 2539 Τηλέμαχ’,
520 2458 557 2520 οὔ
581 2476 612 2519 σε
634 2457 756 2520 fitetur
781 2458 869 2535 φίλον
892 2453 989 2536 πατέρ’
1016 2457 1104 2519 ἔνδον
1128 2457 1213 2520 ἐόντα

344 2559 411 2623 οὔτε
434 2583 461 2621 τι
484 2561 651 2638 θαυμάζειν
675 2561 833 2639 περιώσιον
858 2555 916 2622 οὔτ’
943 2558 1158 2641 ἀγάασθαι.

121 2665 170 2725 Ex
205 2657 264 2724 οὔτ’
300 2660 433 2742 ἄγασθαι
465 2664 525 2724 hoc
559 2666 670 2738 aperto
705 2665 783 2724 vitio
818 2667 869 2724 est
900 2665 1109 2738 distractum;
1143 2664 1263 2724 excidit
1295 2665 1394 2738 igitur

123 2765 383 2841 monosyllabum
406 2765 544 2840 aliquod,
569 2766 793 2838 corrigendum
816 2770 927 2827 autem
950 2766 1079 2824 videtur
1098 2759 1155 2824 οὔτ’
1179 2759 1222 2842 ἄρ’
1245 2762 1395 2844 ἄγασθαι;

123 2884 164 2928 an
188 2868 270 2928 satis
293 2870 404 2942 aptum
428 2867 609 2927 sententiae
633 2882 810 2941 pronomen
834 2864 900 2926 οὔτε
923 2861 956 2924 θ’
984 2863 1142 2945 ἄγασθαι1

168 2968 294 3031 (tertius
317 2968 431 3042 corrigi
456 2970 564 3043 potest
587 2989 600 3026 ε
626 2970 705 3028 119:

347 3068 426 3129 οἵτε
449 3073 566 3140 θεαῖς
589 3066 770 3147 ἀγάασθε
792 3064 857 3147 παρ’
884 3067 1029 3147 ἀνδράσιν
1053 3068 1241 3148 εὐνάζεσθαι,

123 3172 177 3233 ubi
196 3172 269 3247 quis
289 3185 351 3231 non
375 3170 531 3231 rescribat
553 3174 661 3254 θεγσιν
684 3166 815 3249 ἄγασθε)
841 3172 880 3231 ci.
893 3172 911 3241 θ
924 3173 976 3232 57.
996 3172 1113 3232 Forma
1132 3173 1292 3246 bisyllaba
1310 3178 1395 3244 θεαῖς

124 3291 142 3336 e
165 3274 276 3348 lingua
299 3272 484 3346 quotidiana
507 3272 652 3346 irrepsit:
678 3273 725 3332 sic
748 3288 823 3333 vero
848 3269 962 3351 ἄγασθε
985 3275 1125 3348 primam
1149 3274 1278 3349 longam
1303 3276 1395 3336 habe·

123 3375 194 3437 bat:
226 3375 310 3449 quod
335 3374 390 3447 qui
413 3374 568 3434 vitiosum
591 3389 664 3434 esse
686 3374 871 3434 sentiebant
894 3375 1055 3447 syllabam
1079 3378 1269 3448 sequentem
1292 3377 1395 3437 invita

123 3475 233 3550 lingua
263 3475 494 3536 distraxerunt.
526 3473 726 3535 Malesanam
756 3476 930 3536 lectionem
961 3477 1105 3536 confutat
1135 3477 1258 3535 vicinus
1282 3493 1396 3538 versus

122 3596 136 3635 ε
170 3578 232 3638 129
263 3566 303 3647 ὧς
335 3570 365 3634 θ’
397 3566 437 3634 αὖ
462 3583 519 3634 νῦν
542 3597 592 3652 μοι
616 3572 768 3655 ἄγασθε
791 3576 942 3651 θεοί,οοὶ
966 3575 1115 3655 ἄγασθε
1140 3594 1237 3652 pravo
1261 3582 1394 3639 accentu

124 3677 174 3737 edi
204 3677 297 3751 solet,
328 3677 405 3737 licet
436 3677 509 3737 inde
542 3693 561 3737 a
591 3678 699 3751 pueris
723 3678 859 3739 recitare
882 3679 1046 3738 soleamus
1069 3680 1149 3740 illud
1172 3676 1211 3751 ὡς
1234 3676 1276 3756 σὲ,
1298 3680 1397 3759 γύναι,

124 3773 243 3856 άγαμαι.
267 3777 327 3837 Vid
350 3775 370 3853 ξ
394 3775 481 3838 305¹.

168 3879 315 3940 Tertium
348 3880 532 3939 monstrum
568 3881 618 3938 est
652 3876 781 3956 ἐράασθε
813 3881 846 3937 Π
876 3882 949 3951 208,
983 3883 1036 3940 ubi
1070 3881 1287 3954 Myrmidonas
1318 3884 1395 3943 dum

127 3980 300 4052 alloquitur
323 3979 483 4041 Achilles:
509 3996 594 4039 ιιιινισ
619 3980 788 4053 -inquit
813 4016 851 4023 -
876 3984 960 4042 odeat

347 4079 513 4155 φυλόπιδος
537 4078 610 4160 μέγα
632 4078 752 4160 ἄέργον,
776 4079 792 4140 ἕ
797 4106 840 4159 ης
863 4082 895 4143 τὸ
918 4083 988 4161 πρίν
1012 4078 1034 4162 γ’
1062 4081 1242 4161 ἐράασθε.

125 4180 223 4240 Nihili
257 4185 309 4241 est
338 4196 404 4241 vox
434 4178 484 4257 ἕης
514 4198 570 4256 pro
601 4173 647 4258 ἧς,
676 4198 838 4255 nusquam
869 4184 945 4244 alibi
969 4185 1063 4244 obvia
1086 4185 1240 4258 cuiusque
1263 4187 1395 4260 patroci-

128 4282 220 4342 nium
243 4297 339 4343 nemo
362 4282 429 4342 iam
449 4284 622 4358 suscipiat;
643 4285 726 4356 quod
747 4285 834 4344 enim
855 4301 955 4345 unum
976 4288 1154 4361 comparari
1171 4288 1298 4361 poterat
1317 4285 1396 4345 olim

160 4524 179 4589 ¹)
196 4527 352 4587 Excipienda
371 4531 431 4574 sunt
449 4531 535 4588 ἐάᾳςμ
556 4529 603 4574 282
623 4546 634 4573 r
653 4530 701 4575 erl
720 4525 855 4593 (indicat),
875 4533 946 4578 1110
964 4550 980 4588 μ
1003 4531 1049 4576 137
1068 4529 1226 4595 (sublimet),
1243 4537 1285 4593 idq
1305 4540 1326 4580 (ν
1338 4536 1395 4587 414,

126 4607 182 4650 ἄᾶαν
199 4612 218 4651 θ
238 4607 295 4666 609,
312 4606 357 4653 ubi
375 4606 491 4653 nonnulli
510 4608 611 4654 codices
629 4611 667 4669 ἄιζις
685 4614 710 4668 ἐᾷ
728 4613 767 4654 ἄϊεν
785 4609 910 4669 praebent
932 4613 1013 4656 metro
1032 4611 1119 4656 invito.
