3120 5124
776 459 795 519 2
1352 459 1427 530 [52

153 649 240 709 certe
269 647 465 709 Graecorum
495 648 594 724 poesi,
626 647 763 708 fortasse
795 648 896 708 etiam
924 646 1010 723 alibi,
1033 647 1151 707 indicia
1175 647 1226 708 hic
1249 647 1314 709 illic
1337 664 1426 726 repe·

152 751 278 811 riantur
298 752 381 812 unde
402 751 485 812 effici
504 751 607 825 possit
626 766 666 810 ne
687 752 813 811 veteres
833 750 963 823 quidem
983 751 1096 824 poetas
1115 749 1247 809 omnino
1263 751 1427 825 sprevisse

152 852 231 912 illud
265 854 393 913 aurium
428 853 633 914 lenocinium.
668 852 709 911 Et
743 852 852 924 quidni
885 851 1056 912 credamus
1090 866 1145 911 eos
1178 851 1343 913 interdum
1379 854 1428 915 lta

152 953 280 1015 lusisse.
308 956 361 1016 Sic
387 955 559 1016 lectionem
589 957 714 1036 πολλῇσι
746 956 885 1036 φλιῇσι
915 950 1067 1030 παραστάς
1098 951 1292 1028 φλλψεσαι
1323 952 1427 1031 ὤμους

151 1078 167 1135 ρ
193 1058 254 1116 221
288 1073 364 1132 prae
395 1057 498 1118 altera
527 1055 668 1130 θλίψεται
700 1056 926 1116 commendare
954 1055 1081 1115 videtur
1104 1056 1336 1117 annominatio.
1361 1057 1426 1118 Sed

151 1160 331 1219 cavendum
363 1175 403 1219 ne
427 1158 555 1232 longius
577 1159 679 1233 abripi
702 1173 760 1217 nos
785 1159 947 1231 patiamur
970 1158 1003 1217 et
1027 1157 1133 1231 specie
1157 1157 1282 1232 decepti
1304 1158 1425 1219 tribua·

150 1276 226 1320 mus
259 1264 429 1335 poetarum
464 1262 570 1321 studio
605 1276 687 1334 quae
721 1276 817 1321 caeca
855 1261 921 1320 fors
956 1260 1099 1334 ipsiusve
1134 1259 1264 1334 linguae
1298 1260 1424 1322 indoles

150 1362 262 1422 tulerit
285 1365 324 1437 ¹);
357 1378 460 1436 neque
491 1363 670 1438 probabiles
702 1363 803 1423 videri
834 1363 984 1437 poterunt
1016 1362 1228 1438 coniecturae,
1256 1377 1339 1435 quae
1362 1362 1424 1424 hoc

151 1467 341 1537 argumento
372 1465 411 1524 ab
434 1465 656 1525 inventoribus
684 1465 951 1525 commendentur
974 1464 1058 1537 quod
1082 1479 1234 1524 sonorum
1259 1464 1306 1524 ita
1328 1466 1424 1538 grata

150 1567 310 1638 quaedam
340 1568 492 1627 nascatur
522 1567 711 1628 similitudo.
745 1567 943 1642 Quapropter
966 1581 1030 1626 non
1053 1566 1225 1627 laudamus
1249 1566 1423 1628 consilium

150 1666 251 1726 Fickii
284 1669 543 1729 homoeoteleuta
578 1672 611 1730 et
642 1669 889 1730 allitterationes
920 1665 1113 1743 appetentis,
1145 1684 1172 1728 e.
1196 1683 1226 1742 g.
1259 1664 1423 1746 άρέιιυιοι

151 1764 361 1845 ἀνηρὲψαντο
387 1770 501 1843 OdySS.
526 1787 555 1845 p.
582 1772 600 1829 2
625 1771 658 1831 et
683 1772 757 1846 320,
782 1768 867 1848 χόλος
891 1767 994 1846 δέμον
1018 1766 1159 1849 ἄγριος
1183 1766 1282 1849 ἄγρη
1306 1769 1422 1846 OdySS.

149 1885 178 1943 p.
204 1871 246 1929 20
268 1871 359 1933 lliad.
384 1888 413 1946 p.
439 1874 513 1947 372,
550 1873 627 1947 „das
658 1872 723 1932 alte
755 1872 838 1946 Epos
868 1872 1045 1945 gebraucbt
1075 1887 1136 1931 nur
1163 1879 1257 1948 napa,
1279 1879 1420 1955 πάσας...

152 1971 232 2046 „wie
258 1974 359 2033 durch
382 1974 433 2034 die
458 1975 602 2035 anreime
626 1974 658 2035 in
683 1972 802 2049 σάμαεσ
826 1971 929 2050 πολλά,
952 1972 1071 2050 ιιάμοτα
1094 1970 1191 2031 ιιάιεα
1214 1974 1279 2033 und
1298 1972 1420 2050 σάμαια

152 2081 261 2149 ηπᾶσιν
296 2070 406 2133 ὄπασσε
440 2076 596 2148 bestetigt
630 2075 731 2135 wird'’
775 2075 865 2135 Iliad.
902 2091 931 2149 p.
968 2075 1043 2149 387,
1089 2077 1184 2150 Τρῶες
1220 2070 1252 2133 δὲ
1286 2073 1421 2134 λεύοισι

148 2173 320 2246 άεάοιιιόιες
355 2171 569 2256 ὠμοφάγοισι
600 2176 691 2237 Iliad.
720 2193 749 2251 p.
775 2177 828 2252 83,
853 2177 907 2236 ubi
931 2177 1011 2237 haec
1034 2176 1211 2237 adduntur:
1238 2177 1314 2253 „der
1335 2177 1418 2238 reim

154 2277 335 2353 „eracheint
365 2278 416 2339 bei
447 2279 570 2340 Homer
603 2280 630 2339 1.
667 2278 829 2339 zwischen
862 2278 935 2338 dem
968 2281 1077 2338 ersten
1107 2279 1171 2338 und
1195 2278 1269 2339 dem
1293 2279 1420 2339 vierten

151 2379 276 2454 „iussez
310 2378 454 2456 φράζεο
490 2379 617 2439 Τοσελδα
648 2377 697 2438 καὶ
728 2379 851 2458 χάζεο,
875 2381 904 2440 2.
928 2380 1089 2440 zwischen
1112 2380 1187 2440 dem
1210 2379 1329 2439 dritten
1352 2378 1419 2438 und

151 2481 244 2556 „dem
276 2482 444 2542 sechsten:
477 2478 594 2540 ἴνσπετε
621 2488 679 2540 νῦν
703 2503 753 2559 μοι
777 2483 945 2558 Μοῖσαι,
963 2476 1109 2558 Ὀλύμπιοι
1133 2473 1239 2558 δώματ’
1265 2477 1420 2558 Uxorem

152 2582 341 2656 „ibauflgste
372 2582 476 2657 form),
506 2585 535 2643 3.
559 2583 720 2643 zwiscben
744 2584 818 2643 dem
842 2583 967 2643 vierten
991 2583 1055 2643 und
1078 2584 1246 2643 sechsten:
1271 2580 1419 2641 πυλάων

150 2681 402 2761 φΔαράσνιάων,
426 2684 562 2758 endlich,
586 2684 660 2744 falls
684 2684 739 2744 der
759 2685 949 2744 hexameter
969 2684 1151 2758 tripartitus
1170 2683 1417 2743 anzuerlrennen

151 2786 222 2859 „ist²
248 2786 277 2845 4.
303 2786 464 2846 zwisohen
495 2788 570 2847 dem
596 2786 732 2847 aweiten
757 2787 822 2846 und
847 2786 972 2845 vierten
995 2786 1084 2846 fusse
1108 2785 1169 2845 wie
1194 2806 1205 2843 ι
1228 2785 1294 2845 450
1318 2784 1417 2863 pdapa

149 2886 187 2964 ,,β
195 2885 208 2944 ί
214 2886 315 2964 βαις,
348 2896 462 2965 πρῶτος
496 2883 529 2947 el
562 2886 676 2967 ῥόαις
706 2886 847 2964 ποτάμων
877 2885 1080 2958 ἀπικοῖννεις”.
1111 2887 1186 2947 Alia
1217 2886 1322 2947 multa
1345 2900 1416 2947 con·

146 2987 248 3060 gessit
272 2987 358 3048 idem
381 2989 472 3050 Iliad.
496 3006 527 3064 p.
553 2991 616 3050 534
640 3005 688 3063 sq.

189 3091 293 3149 Acute
313 3091 373 3150 hac
393 3091 432 3151 de
452 3106 486 3151 re
507 3091 684 3165 disputavit
701 3091 854 3150 Lehrsius
866 3087 979 3151 Arist.²
996 3106 1025 3165 p.
1041 3092 1105 3150 454
1118 3105 1198 3167 sqq„
1223 3090 1256 3150 et
1274 3104 1416 3164 praeser-

144 3191 206 3250 tim
233 3192 347 3251 notatu
371 3192 598 3266 dignissimum
629 3193 732 3253 estid
765 3194 847 3266 quod
873 3193 1057 3254 observavit
1080 3192 1100 3253 l.
1125 3192 1146 3253 l.
1169 3207 1200 3267 p.
1228 3192 1303 3268 475,
1327 3190 1416 3251 locos

144 3295 198 3356 ubi
230 3295 359 3356 auditur
389 3296 573 3370 paraenesis
600 3295 769 3370 plerosque
798 3297 846 3356 ita
877 3310 948 3356 esse
978 3297 1183 3369 comparatos
1210 3294 1247 3352 ut
1277 3293 1415 3353 duorum

143 3397 312 3457 nominum
335 3397 420 3457 inter
443 3412 478 3456 se
502 3396 698 3457 sociaturum
722 3397 893 3457 concinant
918 3396 1062 3470 syllabae
1085 3395 1209 3471 finales,
1234 3409 1261 3455 e.
1286 3409 1336 3468 g.:

254 3496 352 3557 ἔσπετε
375 3506 432 3557 νῦν
456 3520 506 3575 μοι
530 3505 678 3575 μοῦσαι
697 3493 844 3576 Ὀλύμπια
869 3491 975 3575 δώματ’
1001 3494 1174 3575 ἔχουσαι.
1198 3498 1222 3555 Β
1245 3497 1311 3556 484

254 3596 286 3659 ἐκ
307 3596 363 3679 γὰρ
381 3594 533 3678 Ὀρέσταο
557 3599 629 3670 τίσις
654 3597 766 3660 ἔσσεται
791 3600 960 3679 Ἀτρεΐδαο.
1204 3621 1223 3657 α
1270 3599 1313 3657 40

256 3700 344 3781 Ἀργὼ
367 3710 439 3760 πᾶσι
462 3699 621 3778 μέλουσα
643 3697 709 3779 παρ’
739 3701 852 3780 Αἰήταο
875 3699 1037 3762 πλέουσα.
1205 3722 1226 3777 μ
1273 3701 1323 3759 70.

143 3804 233 3864 Talia
264 3804 524 3865 homoeoteleuta
546 3820 636 3864 mero
662 3805 752 3865 casui
776 3805 894 3880 deberi,
918 3804 958 3864 ab
982 3803 1062 3878 ipsis
1085 3804 1196 3862 autem
1220 3801 1351 3862 vatibus
1372 3815 1414 3861 ne

143 3906 313 3966 observata
332 3906 463 3978 quidem
482 3921 565 3982 esse,
587 3907 707 3966 nedum
727 3906 874 3966 consulto
888 3906 1026 3981 invecta,
1041 3904 1122 3964 satis
1136 3905 1260 3964 certum
1274 3903 1412 3963 videtur.

185 4104 260 4188 92.
293 4112 356 4171 Ars
390 4111 515 4185 poetica
546 4112 629 4184 apud
661 4110 799 4171 Graecos
830 4111 1015 4170 rudimenta
1045 4110 1153 4183 qualia
1175 4107 1324 4169 habuerit
1347 4106 1412 4181 qui·

140 4212 241 4272 busve
276 4212 401 4285 legibus
434 4211 598 4286 adstricta,
631 4213 805 4272 nescimus.
840 4211 1046 4285 simplicibus
1076 4209 1191 4271 metris
1221 4222 1300 4268 usos
1327 4223 1411 4285 esse,

140 4313 284 4374 carmina
307 4314 459 4374 habuisse
482 4315 657 4391 popularia,
681 4316 798 4388 quibus
821 4315 907 4374 idern
931 4315 997 4375 fere
1023 4315 1132 4374 essent
1162 4313 1291 4372 numeri
1314 4314 1412 4384 atque

173 4552 193 4620 ¹)
217 4557 361 4605 Concilione
389 4572 421 4604 an
450 4571 511 4604 casu
540 4558 655 4606 dicemus
678 4573 699 4606 e.
718 4572 742 4617 g.
767 4560 858 4618 quater
875 4558 1015 4618 repetitum
1040 4569 1096 4604 essa
1120 4571 1138 4604 u
1160 4557 1260 4604 initiale
1284 4557 1312 4605 ln
1334 4568 1410 4604 versu

139 4641 163 4684 1·
176 4637 208 4683 bb
226 4645 338 4701 πατράσι
356 4647 389 4701 σῷ
403 4638 463 4698 μέγα
479 4644 545 4697 πῆμα
563 4641 632 4698 πόληά
649 4654 673 4684 σο
690 4642 761 4686 narrt
779 4653 803 4684 σο
821 4638 902 4701 &papii
925 4639 979 4684 Ηοσ
998 4637 1051 4684 veri
1069 4637 1151 4684 multo
1168 4639 1208 4684 est
1225 4637 1345 4684 similius.
