3120 5124
726 388 836 433 XXXIX

149 572 194 616 vs.
220 557 282 616 172
306 559 336 626 ¹).
361 556 430 615 Nisi
450 556 547 616 habet
568 558 652 631 quod
672 556 797 632 placeat
816 559 874 620 Ph.
895 557 1082 619 Blackwelli
1101 558 1218 633 opinio,
1239 557 1417 617 Homerum

148 658 222 717 dum
242 658 334 718 libris
353 658 393 718 ad
413 657 579 719 lucernam
598 659 771 734 invigilans
791 660 954 721 doctrinae
976 658 1097 732 colligit
1114 659 1295 733 thesauros,
1308 658 1418 718 oculos

146 774 222 819 suos
245 759 484 833 disperdidisse.
1184 751 1187 757 ’

189 861 313 934 Itaque,
346 860 384 919 ut
413 858 540 919 litteras
571 861 679 920 norint
710 864 837 922 veteres
868 861 914 922 illi
939 863 1097 936 cantores,
1121 861 1155 920 in
1178 863 1247 920 arte
1271 874 1332 919 sua
1353 875 1418 920 non

145 961 222 1020 sunt
244 961 296 1020 usi
319 962 451 1022 invento
473 961 557 1034 quod
581 962 733 1036 prodesse
756 963 796 1022 iis
820 962 898 1022 nihil
923 964 1043 1036 posset.
1069 960 1205 1021 Achillis
1227 961 1276 1020 ira
1298 960 1416 1021 Ulixis·

145 1076 206 1134 que
248 1061 371 1121 reditus
413 1061 540 1134 aliaque
582 1061 742 1122 eiusmodi
776 1064 921 1123 carmina
955 1061 1154 1135 aliquamdiu
1189 1076 1253 1122 non
1287 1062 1350 1121 nisi
1383 1062 1417 1121 in

146 1162 303 1222 memoria
320 1164 490 1235 poetarum
511 1177 530 1221 a
549 1162 666 1234 quibus
685 1164 814 1224 condita
833 1166 911 1224 sunt
930 1164 1092 1240 vixerunt,
1113 1164 1227 1225 deinde
1248 1178 1290 1222 ex
1301 1162 1416 1223 horum

145 1276 198 1321 ore
229 1261 270 1321 ab
301 1262 375 1321 aliis
405 1264 484 1322 sunt
514 1263 659 1336 excepta.
692 1263 745 1323 Sic
767 1265 879 1324 autem
903 1264 1026 1324 sensim
1050 1262 1164 1336 ἀοιδοῖς
1188 1279 1249 1324 sua
1272 1265 1417 1338 ipsorum

145 1377 240 1437 opera
260 1362 300 1422 ad
320 1363 479 1423 citharam
499 1363 689 1423 canentibus
709 1365 871 1425 succrevit
882 1379 962 1439 gens
973 1373 1032 1424 τῶν
1044 1364 1207 1450 ῥαψῳδῶν,
1217 1366 1272 1439 qui
1286 1367 1416 1425 vetusta

144 1465 296 1538 poemata
326 1477 402 1523 assa
432 1479 509 1525 voce
540 1465 703 1525 recitando
736 1465 859 1526 victum
888 1465 948 1525 sibi
971 1466 1198 1539 quaeritabant
1217 1465 1249 1536 ²).
1274 1467 1414 1543 Quorum

145 1565 314 1624 hominum
344 1566 449 1625 artem
482 1564 588 1626 viride
619 1565 794 1626 admodum
824 1567 971 1641 depinxit
993 1569 1085 1629 Plato
1108 1569 1140 1628 in
1164 1570 1252 1643 Ione,
1276 1584 1373 1642 quem
1399 1584 1417 1628 o

143 1664 296 1749 ῥαψῳδῶν
327 1662 420 1744 ἀγῶνι
451 1665 621 1740 Epidaurio
654 1667 811 1727 victorem
841 1669 970 1729 induxit
1000 1684 1075 1730 curn
1107 1670 1238 1731 Socrate
1269 1669 1415 1730 confabu-

142 1767 285 1841 lantem;
317 1766 442 1827 solebat
472 1770 584 1829 autem
615 1769 651 1829 Io
682 1767 839 1843 Ephesius
870 1785 927 1843 per
957 1772 1062 1830 totam
1088 1770 1257 1831 Graeciam
1282 1770 1415 1829 circum·

143 1869 255 1942 vagari
283 1870 316 1929 et
339 1869 462 1942 passim
490 1867 643 1952 ῥαψῳδεῖν
666 1866 788 1948 περιιὼν
810 1873 870 1941 τοῖς
884 1865 1010 1947 Ἕλλησι
1034 1875 1074 1945 (p.
1099 1873 1161 1932 541
1176 1871 1214 1941 b).
1239 1871 1291 1932 Sic
1313 1884 1417 1944 usque

141 1970 181 2030 ad
213 1969 286 2026 V¹¹¹¹¹
316 1972 392 2030 ante
424 1968 587 2030 christum
618 1970 786 2032 saeculum
816 1972 893 2032 viva
924 1987 1001 2032 voce
1040 1976 1210 2034 cantorum
1241 1975 1417 2047 propagata

140 2073 221 2131 sunt
244 2071 389 2132 carmina
413 2070 512 2145 epica.

185 2172 249 2233 Sed
287 2172 483 2232 Phoenicum
518 2187 572 2232 ars
604 2170 671 2247 illa,
706 2188 789 2246 quae
823 2173 863 2233 ad
896 2174 1066 2235 hominum
1101 2176 1204 2235 vitam
1239 2177 1273 2236 et
1306 2190 1414 2235 mores

140 2275 318 2334 mutandos
350 2272 422 2347 plus
454 2273 592 2333 fortasse
624 2273 737 2333 valuit*
756 2289 854 2347 quam
886 2276 993 2336 cetera
1022 2278 1138 2337 cuncta
1168 2292 1250 2350 quae
1277 2277 1414 2349 agente

141 2375 287 2436 humana
317 2375 395 2433 sunt
425 2375 618 2449 excogitata,
651 2389 726 2434 curn
757 2375 834 2434 olim
865 2391 976 2449 regum
1010 2377 1105 2438 rebus
1135 2378 1238 2450 gestis
1268 2378 1335 2437 aeri
1362 2377 1414 2437 vel

140 2477 299 2537 marmori
328 2476 557 2552 insculpendis,
589 2477 730 2538 donariis
762 2479 996 2553 consecrandis,
1023 2478 1203 2539 foederibus
1226 2478 1414 2551 legibusque

140 2578 371 2651 consignandis
405 2578 596 2651 praesertim
631 2578 844 2653 inserviisset,
880 2594 958 2639 mox
992 2579 1093 2640 etiam
1128 2580 1160 2638 in
1195 2581 1414 2639 mercatorum

140 2679 335 2754 apographis
366 2678 502 2752 aliisquo
532 2680 711 2740 memoriae
738 2680 943 2740 adminiculis
967 2680 1076 2755 exigui
1100 2681 1243 2742 ambitus
1266 2681 1415 2756 usurpari

140 2781 313 2856 coepisset,
333 2780 439 2854 magis
457 2781 626 2855 magisque
645 2781 678 2840 in
698 2781 867 2842 hominum
884 2796 992 2842 mores
1004 2797 1039 2843 se
1055 2783 1179 2843 sensim
1191 2783 1370 2844 insinuavit
1382 2782 1414 2852 ³).

177 3008 198 3076 ¹)
215 3014 284 3061 Nihil
302 3027 363 3061 vero
378 3015 406 3061 in
422 3015 471 3062 bao
488 3017 638 3075 quaestione
656 3017 725 3064 valet
744 3017 897 3074 observatio,
918 3019 997 3067 verbo
1014 3023 1111 3082 γράφειν
1128 3017 1161 3080 (A
1177 3019 1224 3065 338
1243 3011 1414 3063 11553Ρ533

143 3095 237 3140 «11163
259 3112 278 3140 e
298 3092 360 3157 333)
384 3091 494 3152 radordi,
516 3092 648 3155 cll-inpendi
671 3109 775 3144 sensum
799 3110 815 3143 a
837 3097 985 3145 cantoribus
1008 3098 1088 3157 epicis
1106 3097 1193 3157 tribui,
1211 3091 1414 3161 ypocritarum

143 3184 200 3218 esse
225 3169 360 3219 stricturas.
385 3173 450 3220 Nam
472 3174 550 3221 etiam
573 3175 718 3223 Herodotus
739 3176 780 3223 111
804 3173 1342 3236 1083013.10014101111000001110
1359 3184 1414 3217 sae·

144 3250 210 3297 culis
233 3255 325 3312 postea
347 3252 383 3298 ita
400 3252 480 3299 locuti
496 3257 565 3302 sunt.
582 3255 670 3314 Neque
689 3259 759 3303 recte
776 3263 916 3303 versum&
942 3258 988 3303 163
1008 3257 1059 3303 huo
1076 3259 1209 3303 traxerunt
1226 3252 1331 3314 qnidam
1347 3246 1414 3315 (Ari-

144 3331 279 3378 starchusl
297 3332 360 3378 item
376 3331 445 3379 Woli
459 3331 559 3394 Proleg.
578 3349 605 3395 p.
625 3333 680 3399 83);
700 3349 758 3382 nam
775 3349 825 3382 vox
841 3340 937 3395 μνήμων
955 3336 1008 3383 11110
1026 3349 1076 3382 non
1091 3349 1213 3383 memorem
1228 3332 1356 3392 significat
1370 3329 1416 3377 sed

144 3413 284 3458 maiorm.

178 3485 199 3540 'l
216 3490 314 3537 Nomen
337 3489 465 3537 Pindarus
486 3491 577 3538 Isthm.
600 3491 641 3538 111
667 3492 699 3539 65
717 3507 732 3540 a
748 3498 854 3554 sceptro
871 3491 982 3557 (ῥάβδῳ),
1005 3494 1075 3553 quod
1093 3493 1215 3554 rhapsodi
1231 3494 1333 3551 gestare
1350 3488 1416 3535 sole·

145 3568 207 3615 bant
232 3568 346 3616 muneris
371 3569 411 3616 sni
437 3569 536 3629 insigne
562 3566 624 3630 (rid.
650 3571 710 3618 Hes.
737 3572 834 3631 Pheog.
865 3568 917 3636 30),
944 3574 1077 3633 repetivit;
1103 3573 1165 3620 item
1192 3570 1365 3619 Oallimaohus
1390 3566 1416 3613 in

146 3648 249 3695 scholiis
275 3648 308 3695 ad
333 3647 407 3695 illum
432 3647 517 3695 locum
544 3648 637 3695 allatus
663 3650 704 3695 τὸν
729 3653 765 3697 tul
792 3651 870 3714 ῥάβδῳ
894 3657 975 3708 μῦθον
1002 3654 1155 3712 ύφαινόμινον
1178 3650 1280 3697 vocarit
1304 3647 1417 3694 carmina

146 3729 225 3788 spica.
251 3729 336 3775 Aliam
362 3729 432 3775 soois
457 3729 704 3791 interpretationem,
728 3744 794 3790 quas
818 3745 878 3778 vera
900 3730 1010 3789 videtur,
1033 3734 1138 3777 secutus
1156 3727 1282 3776 Pindarus
1300 3727 1372 3774 Nem.
1390 3725 1417 3772 11

147 3808 217 3855 initio
243 3811 362 3855 cantores
384 3808 472 3867 epicos
495 3810 589 3869 ῥαπτῶν
612 3810 685 3856 δηίων
707 3811 801 3865 dodone
823 3812 931 3871 vocarit,
949 3810 983 3858 ad
1000 3824 1077 3870 quem
1094 3811 1180 3857 locum
1197 3809 1224 3855 in
1241 3807 1338 3854 scholio
1355 3805 1416 3852 affe·

148 3891 237 3935 nititur
253 3901 345 3935 versus
361 3887 482 3935 Hesiodei
499 3886 540 3949 (fr.
560 3884 619 3950 244)
638 3893 662 3936 lv
679 3893 747 3952 Δήλῳ
764 3893 816 3936 adro
834 3899 926 3954 πρῶτον
944 3893 988 3949 ἐγὼ
1005 3893 1043 3937 καὶ
1062 3891 1160 3953 ’Όμηρος
1175 3888 1250 3934 deidei
1265 3885 1269 3946 Ι
1282 3886 1416 3944 ’primoum

147 3971 170 4013 tr
186 3976 275 4032 rupere
292 3969 370 4024 ὕμνοις
387 3970 505 4028 pepone
521 3969 608 4028 ἀοιδήν.
626 3969 827 4016 nocentissimae
846 3969 938 4016 aetatis
952 3970 1012 4016 hnic
1027 3968 1174 4016 testimonio
1188 3979 1263 4013 nemo
1278 3964 1417 4024 quicquam

148 4047 251 4102 tribuet,
274 4045 306 4092 de
332 4049 385 4093 tota
411 4048 497 4093 autern
523 4046 572 4093 hae
595 4047 745 4106 quaestione
768 4047 818 4094 vid.
842 4048 979 4107 Dionysius
997 4050 1082 4096 Thrax
1099 4049 1115 4109 ς
1133 4049 1147 4096 5
1166 4051 1192 4094 et
1209 4046 1289 4093 schol.
1308 4042 1341 4090 ad
1358 4055 1417 4090 eom

148 4125 232 4173 locum
249 4126 277 4172 in
294 4124 372 4172 Bekis.
391 4124 484 4172 Anecd.
503 4139 528 4185 p.
549 4127 596 4173 'le
614 4140 652 4186 sq.

179 4202 200 4265 ³)
217 4205 376 4252 Phoenicum
398 4208 424 4252 et
447 4219 532 4253 rerum
554 4206 725 4266 pretiosarum
743 4205 824 4254 abiis
844 4207 1041 4267 importaturam
1058 4207 1083 4252 in
1101 4204 1244 4252 Homericis
1262 4202 1419 4250 carminibus

148 4285 216 4333 haud
233 4296 288 4331 nno
304 4283 360 4331 loco
378 4284 407 4331 tit
422 4285 531 4341 mentio;
555 4287 611 4347 ipsa
629 4299 750 4347 papyrus,
775 4287 881 4334 eonius
902 4286 974 4333 tibris
991 4300 1038 4346 per
1055 4286 1136 4332 multa
1154 4285 1205 4333 iarn
1224 4283 1328 4331 saecula
1345 4282 1417 4329 cher·

148 4370 199 4412 tarn
217 4363 382 4423 scriptoriam
399 4363 586 4412 fabricaverant
603 4365 730 4426 Aegyptii.
748 4366 894 4412 nominatur
911 4384 928 4426 φ
947 4367 1004 4426 391,
1025 4377 1182 4425 quamquam
1200 4377 1250 4411 non
1268 4364 1356 4409 charta
1373 4362 1418 4408 sed

148 4446 217 4492 lunia
243 4456 277 4490 ex
300 4441 346 4488 illa
368 4443 473 4490 materie
496 4444 629 4491 conlectus
652 4444 705 4491 illio
730 4447 951 4491 commemoratur.
970 4471 1000 4478 -
1018 4443 1130 4490 Dubium
1149 4457 1199 4489 non
1217 4446 1257 4489 est
1275 4442 1336 4500 quin
1354 4441 1419 4487 flues

148 4525 224 4571 nimis
251 4524 376 4580 angustos
400 4523 460 4569 huic
486 4524 535 4570 arti
560 4523 586 4570 in
609 4523 717 4571 Graecia
740 4524 859 4570 statuerit
880 4523 948 4571 Wolf
968 4524 1068 4581 Proleg.
1094 4537 1118 4582 p.
1138 4524 1183 4569 50:
1208 4521 1375 4578 „adducimur
1394 4523 1418 4566 st
