3120 5124
747 392 811 453 538
1295 393 1325 464 [ἓ
1348 395 1400 454 316

72 586 76 592 ’
187 585 216 643 2.
241 583 438 657 Praepositio
461 578 520 640 ivi
544 596 619 642 cum
643 581 743 641 dativo
766 580 937 642 coniuncta
956 581 997 641 ad
1019 580 1067 641 rei
1090 579 1229 641 alicuius
1248 577 1405 654 saetipiuu

140 685 345 746 indicandum
380 685 537 759 usurpata
571 685 621 744 eet
644 685 673 742 A
699 685 738 743 18
770 686 814 752 (=
837 685 911 754 374)
938 682 963 742 Θ
986 684 1048 743 441
1082 678 1193 746 ,11852
1219 684 1263 751 t=
1289 681 1316 740 Ο
1342 680 1406 749 152)

141 790 171 845 Σ
195 789 255 847 177
279 790 296 845 t
322 786 383 845 128
407 791 450 856 (=
473 798 499 861 ψ
524 787 598 855 278)
623 806 646 844 ω
672 784 702 843 8.

186 888 286 949 Multo
309 887 509 961 frequentius
527 886 738 946 accusativum
757 885 910 946 adsciscit
936 881 1004 962 ἀνά,
1025 885 1118 945 cuius
1140 884 1188 946 rei
1203 882 1409 960 pervulgatae

141 989 291 1064 exempla
314 989 422 1049 afferri
445 1003 509 1048 non
535 990 587 1048 est
612 1003 702 1063 opus.

188 1090 363 1151 (icuttivuvu
387 1090 515 1151 nonnisi
537 1089 557 1167 β
581 1092 644 1150 418
668 1111 679 1147 ι
705 1091 766 1150 177
791 1110 807 1149 ο
832 1088 895 1148 281
920 1088 1075 1149 admittit.

188 1296 217 1355 3.
252 1294 450 1369 Praepositio
486 1293 536 1353 διά
566 1309 633 1369 ρον
654 1292 710 1352 ubi
739 1292 908 1366 puuctum
939 1292 1128 1352 adiunctum
1154 1291 1265 1368 habet,
1288 1305 1415 1366 semper

142 1396 237 1457 locali
271 1397 374 1457 utitur
407 1397 547 1471 notione,
579 1411 606 1455 e.
639 1409 668 1468 g.
693 1397 721 1452 Δ
745 1393 808 1452 481
843 1387 877 1452 δι’
913 1390 1006 1470 ὤμου,
1030 1408 1198 1466 nunquam
1221 1393 1414 1453 instrumen-

142 1500 214 1558 tum
238 1497 409 1574 significat,
433 1499 471 1558 ut
493 1497 577 1572 apud
601 1498 758 1571 posteros.

187 1600 294 1660 titiam
331 1614 404 1659 cum
440 1599 632 1659 accusativae
666 1597 825 1673 sequitur,
856 1596 1046 1671 plerumque
1078 1595 1218 1657 localem
1250 1596 1314 1672 vel,
1338 1610 1417 1669 quae

144 1702 257 1774 sponte
280 1700 355 1760 hinc
377 1700 539 1776 profluxit,
560 1698 773 1773 temporalem
797 1698 896 1758 habet
918 1697 1199 1772 significationem.
1224 1698 1284 1759 Ex.
1309 1713 1374 1773 gn:

294 1793 366 1878 ’βάν
389 1794 416 1879 ῥ’
443 1794 515 1878 ἴμεν’
542 1799 581 1872 ὥς
603 1821 633 1860 τε
656 1797 753 1861 λέοντε
778 1798 840 1859 δύω
864 1795 915 1858 διὰ
937 1798 1030 1860 νύκτα
1054 1795 1207 1878 μέλαιναν,
1291 1801 1322 1858 Κ
1346 1799 1416 1860 297.

299 1897 471 1980 ἃμηόνον,
492 1898 531 1961 tu
553 1899 672 1979 νέκυας,
694 1899 744 1961 duct
767 1894 788 1960 τ’
813 1898 896 1960 ἔντεα
920 1897 970 1959 καὶ
993 1897 1085 1979 μέλαν
1108 1892 1182 1979 αἷμα
1194 1900 1228 1972 ¹).

300 2002 393 2063 νύκτα
417 1998 451 2063 δι’
479 1990 629 2082 ὀρφναίην
649 2000 681 2073 ²).
1292 2005 1322 2062 Κ
1368 2004 1417 2063 83.

137 2137 140 2142 -
189 2105 426 2179 Nonnunquam
451 2107 563 2166 tamen
588 2120 721 2166 causam
746 2103 940 2166 efficientem
965 2105 1086 2166 indicat
1109 2109 1187 2180 (per,
1207 2104 1326 2180 opera),
1346 2120 1374 2166 e.
1390 2118 1418 2177 g.

145 2203 207 2283 ύὴν
243 2204 293 2265 διὰ
324 2207 516 2285 μαντοσύνην
547 2211 576 2266 Α
601 2208 652 2282 72,
677 2214 798 2285 νικῆσαι
822 2200 857 2266 δι’
885 2204 1018 2284 Ἀθήνην
1040 2211 1065 2264 θ
1089 2208 1170 2280 520;
1196 2220 1335 2268 oausam
1357 2221 1419 2266 mo·

146 2310 277 2369 ventem
302 2313 445 2386 (propter)
470 2309 599 2370 nonnisi
622 2312 637 2368 t
663 2310 725 2368 282
749 2310 780 2370 h.
806 2308 885 2370 Van.
913 2309 977 2369 208
997 2302 1102 2388 ’γῆμεν
1133 2304 1207 2368 itte
1236 2304 1288 2367 διὰ
1318 2306 1420 2378 κάλλος

146 2412 180 2470 et
202 2423 228 2486 ψ
252 2413 293 2472 67
318 2405 354 2470 δι’
380 2408 564 2482 ἀτασθαλίας
588 2407 706 2471 ἔπαθον
729 2409 823 2472 κακόν
846 2408 1017 2484 significat.

191 2616 220 2675 4.
246 2614 443 2688 Praepositio
474 2612 545 2689 μετά
569 2614 780 2674 accusativum
810 2613 1013 2686 cuicumque
1043 2612 1197 2674 adsciscit
1226 2611 1261 2673 in
1284 2612 1420 2673 dictione

147 2715 330 2776 Homerica.

191 2817 391 2876 Acciaattvue
413 2816 547 2891 pluralis
571 2819 629 2877 aut
651 2817 812 2878 collectivi
835 2831 910 2877 oum
934 2817 1090 2892 sequitur,
1114 2816 1149 2876 iu
1175 2817 1316 2878 medum
1348 2816 1419 2876 mut·

145 2918 307 2977 titudinem
330 2918 501 2994 significat,
527 2935 554 2979 e.
580 2935 610 2994 g.

569 3018 641 3098 μετὰ
664 3019 810 3098 δαίμονας
834 3016 949 3092 ἄλλους.
1295 3023 1326 3079 A
1349 3021 1416 3080 222.

190 3121 314 3182 Iudicat
337 3122 435 3195 igitur
458 3125 568 3183 motus
591 3124 690 3197 aliqui
715 3138 872 3196 quorsum
897 3122 1020 3184 tendat.
1045 3122 1214 3183 Interdum
1232 3124 1347 3183 tamen
1369 3136 1419 3197 per

146 3223 386 3297 brachylogiam
410 3226 573 3298 quandam
597 3226 636 3286 de
660 3239 697 3285 eo
722 3225 839 3286 dicitur
862 3225 918 3299 qui
941 3224 974 3285 in
999 3223 1069 3284 loco
1095 3239 1194 3298 quem
1216 3224 1336 3298 petivit
1357 3223 1417 3283 iam

146 3328 306 3401 movetur,
341 3343 368 3388 e.
400 3343 430 3401 g.
463 3325 513 3387 uui
541 3325 577 3387 τὰ
608 3324 662 3404 μὲν
693 3325 782 3399 αὐτὸς
818 3325 916 3387 ἔπειτα
942 3322 1041 3406 ’φόρει
1074 3322 1146 3404 μετὰ
1179 3328 1281 3403 μῶλον
1307 3323 1419 3404 Ἄρηος,

146 3428 166 3488 1.
191 3443 219 3490 3.
252 3445 324 3488 cum
356 3430 391 3488 iu
427 3430 539 3490 betium
570 3431 818 3506 protcuccrctur
849 3433 967 3505 pcatare
999 3445 1035 3489 ea
1064 3443 1159 3489 cruta
1188 3427 1302 3489 acutat
1324 3428 1418 3501 occu

141 3546 200 3604 pcc
222 3532 338 3592 vuadios
360 3532 455 3592 toatca
478 3532 520 3592 cie
542 3531 671 3592 indutus
693 3532 887 3591 versabatur.

190 3631 298 3692 Etiam
320 3633 482 3708 appetendi
505 3632 556 3693 vel
580 3632 770 3706 anquirendi
796 3632 919 3693 notioni
943 3629 1172 3706 exprimendae
1196 3631 1337 3692 inservit
1355 3625 1417 3709 pai

148 3749 222 3794 cum
246 3735 443 3811 accusativo,
467 3750 495 3795 e.
520 3748 550 3807 g.

526 3831 597 3912 μετὰ
621 3830 661 3893 σὲ.
1257 3835 1287 3892 Κ
1334 3835 1384 3895 63.

525 3933 555 4008 ἔς
583 3931 713 4013 Τεμέσην
737 3933 809 4013 μετὰ
830 3933 946 4015 χαλκόν.
1260 3957 1280 3994 α
1306 3936 1369 3996 184
1386 3930 1416 4011 ⁸).

182 4166 200 4230 ¹)
219 4169 261 4215 Sio
286 4169 382 4229 passim
408 4169 502 4227 legitur
530 4169 569 4216 did
594 4169 661 4229 σῶμα
684 4169 726 4216 vel
750 4169 853 4229 δώματα.
876 4170 994 4218 mianum
1018 4170 1051 4219 ab
1075 4171 1187 4219 Homero
1205 4173 1246 4219 eet
1264 4172 1304 4219 tad
1321 4172 1417 4230 σώματος

146 4249 187 4296 vel
206 4265 267 4296 -των,

179 4326 201 4392 ¹)
222 4325 364 4390 Temporale'e
389 4329 458 4376 nolio
484 4329 532 4376 soli
556 4329 613 4376 voci
639 4329 678 4375 tad
711 4333 782 4376 νύκτα
814 4326 945 4395 (ὀρφναίην,
972 4330 1091 4396 δνοφερὴν,
1118 4331 1251 4394 ἀμβροσίην
1276 4324 1338 4393 etc.)
1365 4340 1415 4390 pro·

148 4408 204 4467 pria
223 4411 269 4455 est.

180 4484 201 4550 ³)
218 4490 293 4549 Apud
320 4491 474 4537 recentiores
499 4491 534 4537 ita
551 4492 669 4551 usurpari
688 4491 754 4537 eolet
770 4490 928 4550 praepositio
946 4493 993 4551 tul,
1016 4500 1131 4536 necnon
1150 4488 1218 4549 epici
1237 4491 1356 4538 autores
1372 4485 1415 4548 ipsi

150 4571 169 4612 Β
189 4569 236 4614 808
256 4572 286 4613 Μ
304 4570 352 4616 842
371 4588 384 4628 γ
402 4570 448 4616 421
468 4570 606 4618 3466113
625 4570 703 4617 locuti
720 4571 788 4615 eunt.
