3120 5124
746 400 809 458 150
1320 395 1349 465 [1
1370 396 1407 454 40

144 592 283 665 lapidem
308 590 412 650 denuo
435 589 617 663 inspectum
643 589 791 648 accurate
814 588 1079 662 repraesentavit,
1104 587 1254 662 apparuit
1274 601 1293 645 a
1312 585 1405 645 fronte

142 693 262 766 aliquid
286 693 409 768 deesse,
434 691 632 751 redeundum
656 691 769 750 estad
793 689 919 749 Bentlei
943 689 1205 765 explicationem,
1226 702 1311 761 quae
1330 700 1405 760 egre

142 795 193 867 gie
217 810 302 855 nunc
325 792 535 854 confirmatur
558 793 665 852 Attico
689 791 745 851 1110
767 791 884 866 lapide,
908 791 942 850 iu
966 807 1028 864 quo
1052 788 1167 870 Morte
1196 791 1326 864 legitur.

189 896 289 955 Suum
322 894 428 955 locum
453 894 575 954 obtinet
597 894 764 967 digamma
788 893 821 951 in
845 892 993 952 abcdario
1016 893 1149 967 Amorgi
1172 894 1300 968 reperto
1323 890 1406 962 (Ias.

144 997 249 1073 390b),
285 999 318 1057 et
349 998 400 1056 ter
429 997 480 1055 est
511 996 704 1069 usurpatum
727 995 760 1053 in
784 993 977 1066 fragmentis
1003 993 1249 1069 inscriptionum
1277 993 1408 1053 duarum

145 1099 313 1174 Olympiae
334 1099 526 1159 effossurum
547 1111 629 1170 quae
649 1097 793 1170 Rhegino
806 1095 939 1170 homini,
956 1111 997 1156 ex
1011 1095 1210 1156 Chalcidensi
1223 1095 1324 1168 igitur
1335 1093 1408 1154 colo

144 1203 198 1262 nia
218 1200 360 1276 oriundo,
382 1201 557 1260 admodum
578 1198 784 1274 probabiliter
802 1198 988 1257 tribuuntur
1008 1197 1101 1268 (IGA.
1123 1199 1186 1258 532
1204 1195 1411 1274 sq.,Robe1rs

144 1303 326 1378 Epigraphy
357 1317 387 1377 p.
414 1304 477 1361 203
510 1306 578 1375 sq).
611 1302 743 1374 Legitur
768 1299 812 1360 ibi
836 1299 1256 1358 ΕΟΙΚΕΟΝΕΝΤΕΓΕΕΙ
1276 1294 1412 1375 (foratas

145 1402 176 1463 ἕν
210 1400 311 1488 Τεγέῃ)
343 1404 393 1463 bis
423 1405 456 1463 et
489 1399 901 1471 ΗΟΣΣΑΕο113000101
928 1397 958 1476 ¹),
984 1400 1141 1474 digammi
1164 1401 1277 1460 autem
1301 1398 1412 1460 eadem

145 1508 195 1567 est
225 1507 329 1566 forma
361 1506 457 1577 atque
487 1505 521 1563 iu
553 1503 700 1564 abcdario
732 1502 827 1562 modo
859 1502 1025 1562 nominato
1056 1502 1145 1561 etin
1172 1499 1295 1561 tabulis
1318 1500 1412 1560 Hera·

144 1608 334 1669 deensibus
366 1607 436 1666 Non
467 1608 518 1666 est
548 1621 605 1665 cur
635 1606 854 1665 assentiamur
877 1604 996 1680 Fickio,
1021 1604 1135 1677 Odyss
1160 1619 1190 1677 p.
1218 1603 1260 1662 10
1283 1600 1413 1677 neganti

145 1711 218 1770 huic
252 1708 348 1768 titulo
383 1707 558 1780 quidquam
592 1707 799 1767 tribuendum
835 1722 917 1781 esse,
952 1706 1044 1779 sequi
1079 1705 1166 1765 enim
1199 1705 1299 1765 verba
1330 1708 1415 1775 θεαῖς

144 1809 253 1880 πάσαις
285 1824 344 1869 nec
376 1823 455 1882 pura
486 1809 583 1881 igitur
610 1808 687 1868 Iade
710 1823 807 1868 usum
831 1822 904 1867 esse
928 1822 1004 1866 eum
1028 1807 1083 1879 qui
1105 1807 1186 1867 haec
1209 1806 1413 1880 perscripsit;

145 1911 246 1971 immo
269 1910 405 1970 anfracti
435 1910 468 1969 hi
491 1910 615 1984 lapides
639 1910 752 1970 docent
777 1910 927 1970 extitisse
950 1908 1120 1982 aliquando
1143 1923 1271 1983 versus,
1292 1908 1328 1967 in
1351 1907 1414 1981 qui·

145 2014 206 2073 bus
228 2012 370 2073 ionicum
393 2016 440 2072 eiu
463 2013 617 2073 comitem
641 2013 774 2073 haberet
797 2027 913 2072 sonum
936 2028 1008 2087 vau,
1026 2026 1196 2071 —versus
1218 2011 1319 2084 igitur
1343 2023 1415 2083 qua·

146 2115 194 2175 les
217 2114 408 2175 Homericos
431 2115 532 2174 fuisse
557 2114 791 2174 contendimus.

190 2216 361 2275 Praeterea
390 2215 534 2274 litteram
565 2216 730 2289 digamma
760 2215 914 2275 exhibent
944 2215 1077 2275 uomina
1104 2215 1263 2288 quaedam
1289 2213 1417 2288 propria

146 2317 265 2378 litteris
297 2315 486 2376 Chalcidicis
516 2317 603 2390 picta
633 2318 666 2376 iu
696 2317 785 2377 vasis
815 2317 919 2377 tribus
943 2316 1180 2389 antiquissimis
1201 2310 1240 2387 ²):
1262 2310 1418 2392 ’511001ηῇ

147 2418 217 2496 Feci,
241 2416 431 2497 Γαρυέόνης,
454 2419 538 2479 inter
561 2418 625 2479 alia
648 2419 804 2479 vocabula
826 2433 909 2491 quae
936 2419 1080 2479 lonicam
1107 2418 1282 2479 dialectum
1306 2419 1417 2493 aperte

147 2521 285 2595 produnt
309 2517 431 2596 (Ἀντίης
458 2518 556 2596 Φοίβη
579 2518 723 2596 Ἀθηναίη
748 2522 830 2591 eie).

190 2623 297 2682 Donec
328 2621 427 2693 igitur
458 2620 594 2680 certiora
620 2621 812 2681 edoceamur
837 2656 877 2663 -
902 2622 984 2695 quod
1009 2635 1205 2694 quamquam
1230 2621 1287 2680 vix
1309 2623 1420 2695 potest

146 2723 319 2797 expectari,
351 2736 446 2782 nemo
478 2724 588 2781 tamen
619 2718 652 2780 ἐν
682 2719 841 2794 ἀδυνάτοις
865 2722 1008 2797 posuerit
1033 2725 1107 2796 post
1128 2721 1317 2801 πολύχρυσον
1346 2725 1418 2783 Μυ-

145 2822 242 2900 κήνην
273 2825 400 2884 erulam
431 2824 640 2900 effossasque,
666 2840 746 2897 quas
770 2823 842 2896 Διὸς
866 2825 921 2885 ille
945 2820 1082 2903 ὀαριστὴς
1107 2825 1223 2886 fecisse
1251 2825 1331 2886 olim
1356 2842 1418 2888 cre

146 2925 289 2998 debatur,
310 2924 398 2997 leges
418 2925 590 2999 Gortynias
605 2927 717 2987 -hoc
738 2929 920 3004 teneamus,
941 2928 1035 2988 lones
1053 2929 1085 2987 et
1102 2928 1229 2988 Atticos
1241 2942 1419 2990 consonam

145 3041 209 3086 vau
232 3026 412 3098 antiquitus
434 3029 467 3086 et
490 3030 719 3101 pronunciasse
744 3031 777 3089 et
799 3029 832 3088 in
856 3029 985 3103 scriptis
1009 3044 1068 3088 suo
1095 3029 1187 3102 signo
1210 3027 1418 3106 indicasse³),

146 3129 202 3188 sed
233 3127 362 3188 saeculo
392 3129 530 3202 septimo
563 3129 614 3189 vel
645 3131 731 3190 sexti
762 3131 853 3191 initio
885 3131 1046 3190 amisisse.
1072 3130 1121 3189 Ad
1145 3130 1281 3190 Homeri
1306 3133 1418 3192 autem

147 3232 276 3290 textum
311 3232 348 3289 ut
377 3231 559 3306 redeamus
591 3234 718 3292 constat
752 3233 983 3305 grammaticos
1019 3231 1266 3307 Alexandrinos,
1302 3233 1420 3306 quibus

147 3333 228 3392 bene
259 3332 336 3392 nota
365 3333 476 3392 tamen
508 3334 577 3392 erat
607 3332 716 3392 littera
738 3333 761 3390 f
785 3349 825 3394 ex
849 3335 937 3408 poesi
961 3333 1092 3393 Aeolica
1109 3333 1150 3409 ⁴),
1175 3334 1334 3407 digammi
1358 3335 1419 3395 Ho-

147 3434 260 3494 merici
293 3434 417 3493 nullam
448 3435 600 3494 habuisse
631 3435 792 3510 notitiam,
829 3450 995 3509 nunquam
1030 3436 1128 3508 igitur
1164 3436 1286 3497 vidisse
1320 3436 1420 3505 libros
1456 3478 1460 3485 -

147 3535 338 3597 Homericos
367 3536 422 3595 1110
453 3537 544 3609 signo
574 3538 766 3611 instructos;
800 3539 908 3611 itaque
932 3552 1065 3597 necesse
1089 3539 1140 3596 est
1164 3553 1340 3599 sumamus
1363 3539 1420 3600 aut

182 3790 201 3857 ¹)
219 3796 325 3842 Roehlio
342 3798 371 3849 ὡς
388 3786 465 3842 caios
481 3797 576 3854 legenti
595 3797 649 3843 iure
669 3797 816 3856 obloquitur
834 3798 864 3845 G.
883 3795 981 3856 Meyer’
998 3812 1023 3857 p.
1041 3799 1097 3844 133.

179 3869 200 3937 ²)
219 3875 283 3922 ele.
303 3876 366 3922 1459
385 3889 423 3934 eq.
434 3879 460 3921 et
475 3877 548 3932 1581,
566 3877 675 3922 Roberts
693 3877 842 3936 Epigraphy
860 3891 886 3937 p.
900 3878 947 3923 207
958 3891 1005 3936 sq,
1021 3876 1123 3924 Tudecr
1137 3877 1169 3923 de
1179 3875 1309 3935 digamma
1319 3892 1343 3938 p.
1353 3879 1377 3925 9.
1388 3903 1417 3912 -

145 3953 183 3999 Ex
201 3953 264 3999 urbe
282 3954 386 4000 Himera
404 3955 551 4014 provenisse
569 3955 633 4000 haec
652 3968 712 4001 vasa
731 3957 877 4014 suspicatur
894 3956 956 4002 Fick
974 3956 1065 4014 Odyss.
1083 3969 1108 4015 p.
1129 3957 1157 4002 11
1178 3955 1236 4002 coll.
1256 3956 1338 4004 Thac.
1357 3957 1376 4004 V
1396 3956 1419 4013 ὅ,

147 4045 197 4090 quo
215 4034 281 4078 teste
298 4034 433 4079 Himeraea
450 4033 576 4079 dialectus
593 4037 647 4079 erat
664 4032 749 4088 μεταξὺ
767 4042 806 4092 τῆς
823 4050 846 4080 τε
865 4035 1001 4081 Χαλκιδέων
1019 4037 1057 4081 καὶ
1076 4035 1181 4099 Δωρίδος
1197 4035 1333 4096 ιικραμὲνη.

180 4107 201 4172 ³)
219 4112 248 4156 In
269 4112 357 4158 multis
377 4112 509 4159 vocabulis
530 4114 620 4159 Atticis
644 4115 770 4161 vocalium
786 4128 926 4160 concursus
942 4117 1052 4161 testatur
1069 4116 1210 4174 spirantem
1224 4107 1248 4161 f
1263 4114 1325 4161 olim
1339 4114 1419 4161 fuisse

145 4190 305 4237 interiectam
331 4189 426 4255 (ἄοινος,
454 4195 529 4250 tim,
554 4193 692 4252 ι’(μφιὲννυμι
719 4190 787 4256 etc),
811 4194 878 4241 unde
902 4195 1067 4240 confirmatur
1089 4194 1175 4254 opinio
1193 4194 1419 4252 grammaticorum

148 4267 302 4329 (Tryphonis
327 4277 387 4317 noe.
413 4270 454 4322 λεξ.
480 4274 518 4330 ll,
544 4272 667 4317 Prisciani
692 4273 704 4317 Ι
728 4270 769 4335 20)
793 4274 899 4320 Ionibus
924 4274 1054 4332 digamma
1080 4274 1256 4321 tribuentium.
1280 4274 1319 4321 De
1341 4274 1419 4322 verbo

147 4354 279 4415 προυσελεῑν
297 4350 357 4408 quid
376 4353 518 4397 statuamus
536 4352 677 4406 nescimus;
696 4354 845 4399 consulatur
863 4353 973 4411 Blaydos
991 4354 1023 4399 ad
1043 4355 1104 4401 Itan.
1124 4366 1160 4399 re.
1181 4354 1237 4400 130.

180 4425 201 4493 ⁴)
219 4431 312 4476 Poetae
328 4430 435 4476 Lesbios
452 4431 551 4476 imitata
567 4430 689 4478 Hadriani
707 4433 821 4491 aequalis
838 4432 948 4478 Balbilla
966 4427 998 4479 fe
1017 4436 1043 4479 et
1061 4422 1104 4479 for
1123 4432 1228 4491 scripsit
1246 4433 1273 4478 iu
1290 4433 1344 4480 suis
1365 4445 1418 4479 ear·

147 4510 260 4556 minibus
277 4510 379 4556 Aeolica
402 4510 511 4555 dialecto
533 4511 678 4569 conceptis;
703 4512 769 4558 unde
793 4526 839 4570 pro
860 4516 929 4558 certo
950 4513 1018 4559 effici
1038 4512 1107 4572 licet,
1124 4512 1265 4560 etiamtunc
1282 4513 1309 4560 in
1332 4511 1419 4561 alcaei

149 4590 320 4652 Sapphusquo
339 4589 493 4639 editionibus
511 4589 607 4650 passim
626 4594 758 4638 exaratum
780 4592 895 4639 extitisse
916 4591 1052 4652 digamma.
