3120 5124
706 439 775 481 XXV

103 609 221 669 stravit
251 610 367 669 Naber.
401 610 460 685 Qui
491 610 613 683 optimo
640 609 709 670 iure
733 611 866 682 negavit
890 610 1039 670 credibile
1064 625 1136 669 esse
1160 611 1299 682 poetam,
1324 607 1378 679 qui

104 711 287 770 Priamiden
331 711 424 771 uxori
466 726 627 785 pueroque
670 713 906 773 valedicentem
947 711 1189 772 immortalibus
1232 711 1379 770 versibus

103 812 218 886 pinxit,
242 826 280 871 eo
305 811 439 872 consilio
462 811 540 871 illud
565 827 696 873 carmen
720 814 942 886 composuisse
966 815 1003 873 ut
1027 814 1121 873 heros
1147 814 1241 872 vivus
1265 810 1378 871 deinde

104 928 122 972 e
151 927 260 986 pugna
291 914 419 974 rediret.
452 914 558 974 Immo
591 915 774 989 proximam
807 916 836 974 ei
868 918 1008 975 mortem
1031 915 1178 990 portendi
1203 914 1321 984 voluit;
1345 914 1377 972 id

104 1014 165 1073 luit
198 1015 279 1074 illud
309 1015 505 1087 colloquium
541 1016 624 1088 quod
658 1016 724 1074 fore
757 1017 862 1075 sensit
892 1016 1014 1076 iemina
1042 1016 1210 1076 tenerrimi
1242 1015 1378 1074 affectus

104 1116 212 1190 plena:
250 1117 402 1177 ultimum
438 1117 500 1176 fuit
535 1119 615 1177 vale.
656 1118 726 1193 ,Sic
762 1119 873 1177 vivum
907 1119 1010 1178 adhuc
1041 1118 1215 1176 Hectorem
1246 1116 1315 1175 suis
1345 1115 1378 1174 in

103 1217 238 1277 aedibus
257 1218 416 1278 deflerunt
434 1220 527 1292 quasi
550 1220 803 1280 interemtum'’:
825 1220 904 1280 haec
928 1221 1026 1280 verba
1049 1222 1085 1289 (Ζ
1106 1220 1180 1287 500)
1203 1219 1267 1277 nisi
1290 1218 1377 1277 tristi
1434 1276 1439 1287 ,

104 1319 212 1378 010103
236 1319 413 1379 instantem
446 1322 641 1394 portendunt
674 1319 907 1396 calamitatem,
934 1322 1065 1394 indigna
1088 1323 1266 1393 30010033
1289 1333 1376 1392 mag·

104 1435 166 1479 nus
200 1424 295 1495 poeta
315 1422 519 1495 conceperit.
554 1423 617 1481 Ars
648 1437 712 1482 non
744 1423 822 1481 sinit
852 1423 932 1482 haec
962 1422 1072 1482 divelli
1103 1437 1123 1480 a
1154 1421 1280 1480 librili
1309 1420 1378 1479 loco

103 1521 320 1595 pulcherrimo
352 1533 411 1591 (vs.
445 1524 507 1582 437
539 1527 631 1597 sqq),
663 1523 716 1582 nbi
748 1523 982 1599 Andromache,
1007 1524 1084 1584 dum
1108 1523 1260 1583 balneum
1287 1523 1380 1596 parat

104 1624 246 1698 Hectori,
277 1638 373 1697 quem
399 1640 416 1684 e
439 1639 547 1698 pugna
578 1640 655 1683 mox
686 1626 796 1698 sperat
826 1625 1016 1700 rediturum,
1048 1624 1156 1700 populi
1182 1623 1377 1683 clamoribus

103 1728 137 1784 in
168 1725 298 1785 moenia
331 1729 500 1787 evocatur:
536 1725 674 1801 adspicit
708 1741 823 1800 corpus
853 1728 964 1786 mariti
998 1727 1155 1800 sanguine
1191 1729 1224 1785 et
1247 1725 1379 1799 pulvere

103 1828 280 1902 foedatum,
305 1828 388 1900 quod
413 1828 549 1888 Achillis
573 1828 648 1901 equi
671 1843 727 1900 per
750 1827 918 1900 planitiem
943 1829 1086 1887 trahunt.
1111 1828 1144 1887 Si
1166 1842 1240 1887 vero
1261 1827 1380 1886 Hector

103 1930 161 1990 1113
194 1945 328 2004 vespera
356 1930 529 1990 incolumis
561 1930 684 1990 ebello
717 1931 756 1990 ad
789 1945 865 1990 suos
897 1931 1001 2006 rediit,
1030 1935 1067 1990 ut
1090 1933 1123 1990 in
1147 1930 1257 1989 003113
1280 1928 1379 1987 iliade

103 2031 142 2092 iit
172 2033 205 2089 H
227 2033 290 2091 307
330 2032 381 2091 vel
414 2032 488 2106 380,
519 2031 689 2091 subridens
720 2032 832 2105 opinor
862 2022 995 2106 propter
1022 2033 1157 2091 nimiam
1182 2044 1278 2102 quam
1305 2030 1381 2088 3013

103 2133 202 2192 horas
235 2133 358 2205 aliquot
393 2135 546 2206 expertus
583 2136 653 2192 3131
683 2132 794 2192 uxoris
830 2133 1035 2192 anxietatem
1066 2135 1100 2191 et
1130 2133 1293 2191 insuetam
1321 2130 1382 2188 sibi

103 2233 206 2292 animi
235 2232 418 2307 mollitiem,
442 2233 527 2292 ultro
556 2248 652 2292 suum
687 2248 767 2307 opus
790 2234 967 2306 corrumpit
990 2236 1102 2307 poeta;
1136 2233 1236 2292 lector
1258 2234 1380 2305 autem,

103 2350 202 2408 quem
236 2335 334 2409 pudet
364 2335 430 2395 iam
464 2336 613 2409 pigetque
638 2335 847 2394 lacrimarum
872 2335 1031 2394 inutiliter
1054 2335 1148 2394 modo
1173 2334 1234 2393 sibi
1258 2333 1379 2392 oborta·

106 2451 192 2509 rum,
216 2450 279 2495 non
302 2439 410 2510 potest
440 2437 516 2508 quin
543 2452 655 2496 secum
680 2437 851 2497 mussitet:
879 2453 961 2512 ,non
987 2437 1106 2496 iterum
1131 2436 1178 2496 sic
1201 2434 1302 2508 decipi
1328 2449 1380 2494 me

104 2537 228 2611 patiar;
252 2539 387 2611 posthac
417 2538 513 2597 siccis
539 2538 640 2598 oculis
668 2537 812 2597 lustrabo
840 2539 952 2598 inanes
979 2537 1127 2611 quereias
1156 2541 1189 2597 et
1211 2536 1381 2612 praesagia

106 2641 264 2705 eventum
286 2654 350 2700 non
373 2639 554 2700 habitura''.

152 2741 259 2801 Nihilo
294 2741 402 2800 minus
436 2744 525 2801 certa
559 2744 610 2802 331
644 2757 696 2800 133
729 2743 761 2801 10
796 2741 904 2801 Ulixis
939 2741 1110 2814 Aiacisque
1145 2741 1184 2800 ad
1216 2739 1374 2800 Achillem

105 2843 228 2901 iratum
261 2842 431 2917 legatione,
466 2857 548 2914 quae
582 2844 614 2901 in
646 2842 727 2902 libro
752 2845 770 2900 Ι
797 2843 962 2916 eleganter
992 2843 1167 2903 admodum
1196 2856 1377 2914 magnaque

106 2958 182 3003 cum
217 2943 251 3002 vi
284 2944 424 3003 01310113
458 2944 510 3002 331
539 2946 698 3003 enarrata.
730 2944 813 3002 Nam
846 2944 1008 3005 conciliari
1040 2945 1152 3016 nequit
1175 2958 1250 3003 cum
1274 2941 1376 3016 ipsius

106 3042 245 3105 Achillis
275 3044 382 3104 verbis
405 3049 447 3114 (A
470 3046 562 3113 doti:
593 3047 678 3119 ,iam
702 3047 839 3117 Argivos
863 3047 1011 3120 precibus
1034 3062 1088 3105 me
1110 3045 1255 3105 adituros
1278 3045 1376 3118 puto”

106 3146 140 3205 et
164 3147 262 3209 (1170
277 3160 346 3217 sqq.
367 3149 400 3204 et
421 3146 462 3204 84
475 3151 572 3219 sqq.):
601 3147 730 3220 ,hostes
755 3162 830 3206 mox
856 3150 946 3220 terga
969 3147 1081 3206 darent
1102 3148 1130 3205 si
1151 3148 1376 3218 Agamemnon

108 3247 285 3322 ,benevola
316 3262 392 3321 erga
419 3263 472 3307 me
503 3251 591 3308 esset
622 3251 748 3324 mente;
785 3252 822 3309 tu
855 3266 929 3310 vero
954 3249 1099 3310 Patrocle
1123 3262 1252 3323 operam
1278 3248 1318 3306 da
1341 3247 1378 3305 ut

108 3350 244 3423 ,Achivi
275 3350 455 3409 Briseidem
487 3351 568 3410 mihi
598 3352 744 3425 reddant,
769 3352 860 3410 donis
892 3350 1139 3425 superadditis''.
1169 3349 1255 3424 Quae
1278 3362 1377 3408 sensu

104 3452 218 3511 carent
251 3450 280 3511 si
313 3466 415 3526 nuper
449 3452 519 3511 eius
551 3451 635 3511 iram
666 3452 812 3526 precibus
844 3453 1091 3525 ingentibusque
1121 3451 1213 3510 donis
1238 3449 1377 3509 delenire

104 3554 228 3613 frustra
254 3553 362 3613 conati
384 3553 451 3613 sint
474 3554 701 3626 Agamemnon
725 3555 886 3627 ceterique
911 3569 1012 3627 reges.

148 3653 190 3713 Et
224 3668 348 3728 murae,
380 3669 442 3726 quo
473 3654 506 3713 in
537 3653 600 3715 1103
631 3654 704 3714 libri
735 3656 770 3712 H
788 3652 808 3723 ¹)
837 3655 949 3728 Argivi
980 3655 1088 3714 castra
1118 3668 1178 3712 sua
1201 3650 1377 3711 incredibili

103 3754 272 3815 celeritate
303 3754 596 3828 praemuniunt-
622 3769 698 3814 nam
731 3755 817 3815 intra
848 3756 943 3814 unius
975 3755 1079 3814 noctis
1110 3754 1253 3828 spatium
1277 3751 1377 3811 absol·

105 3857 202 3930 vitur,
234 3857 268 3912 H
289 3857 352 3915 337
385 3870 465 3929 sqq,
496 3857 652 3930 ‹tao-465,
679 3872 823 3930 -opus
855 3856 1046 3916 mortalibus
1075 3854 1377 3925 immortalibusque

102 3956 306 4030 admirabile,
340 3957 424 4029 quod
448 3957 522 4030 post
552 3957 714 4017 excidium
744 3959 875 4017 demum
908 3959 1021 4017 Troiae
1049 3957 1194 4017 deletura
1218 3957 1269 4016 est
1298 3955 1376 4029 Nep·

102 4058 174 4117 tuni
211 4057 332 4116 invidia
371 4057 529 4125 (videatur
564 4057 634 4117 libri
670 4060 708 4115 M
739 4059 890 4132 initium),
931 4061 999 4118 tam
1043 4059 1215 4117 manifeste
1257 4059 1379 4131 pugnat

102 4173 178 4219 cum
215 4158 256 4216 iis
290 4172 373 4230 quae
407 4157 446 4217 de
480 4158 626 4218 Troianis
665 4175 766 4219 naves
796 4162 981 4234 petentibus
1011 4175 1151 4233 moxque
1182 4175 1201 4219 a
1231 4158 1377 4218 Patroclo

101 4259 243 4334 repulsis
275 4260 419 4319 narravit
449 4261 573 4335 priscus
602 4263 694 4320 vates
717 4263 773 4334 qui
795 4263 931 4323 Achillis
955 4263 1036 4322 iram
1060 4261 1186 4337 cecinit,
1212 4263 1247 4321 ut
1270 4276 1376 4335 nemo,

100 4362 158 4435 qui
190 4360 323 4432 quidem
354 4375 415 4420 sua
445 4364 555 4421 mente
586 4362 634 4421 uti
665 4378 728 4422 non
751 4365 889 4439 recuset,
913 4365 1099 4424 admonitus
1122 4378 1240 4436 negare
1263 4363 1375 4436 possit.

135 4578 154 4640 ¹)
171 4581 238 4628 Post
254 4593 366 4641 pugnam
385 4581 484 4628 seilicet
501 4595 532 4629 ex
550 4597 601 4645 qua
620 4584 731 4631 victores
749 4587 892 4631 evaserunt.
