3120 5124
751 402 793 463 98
1326 404 1355 475 [ἓ
1377 404 1414 463 24

149 594 271 657 simum
306 591 493 666 exemplum
528 591 561 651 in
597 593 614 661 5
647 593 688 652 22
720 592 879 652 vidimus:
905 583 1221 664 1ς<Ρ>1ξειΩ
1249 594 1324 652 154.
1348 590 1417 651 Alia

149 700 226 759 sunt
256 692 293 755 οὔ
324 717 350 754 τι
381 691 459 770 pilu
482 691 538 770 δήν
562 694 624 768 leg.
649 692 730 771 dfrjv
754 697 783 752 A
806 695 869 753 416
896 695 968 767 etc„
996 690 1148 772 θυγατὲρᾱ
1170 692 1210 771 ἣν
1232 694 1295 768 leg.
1320 690 1417 769 (olfrjv

149 801 264 859 11311
289 798 361 873 etc,
385 792 505 875 ὄρνιθες
529 794 568 866 ὥς
591 795 654 870 leg.
678 794 791 866 idoli)
815 798 844 852 Γ
864 796 883 854 2
908 796 969 855 etc.
995 795 1045 864 (cf.
1069 796 1088 865 1
1113 796 1197 866 101).

407 1058 503 1113 vm.
535 1059 585 1114 De
607 1057 754 1126 syllabis
776 1057 948 1127 positione
967 1056 1159 1127 productis.

191 1263 288 1346 3⁶24.
322 1265 462 1340 Syllaba,
494 1264 586 1325 cuius
616 1265 724 1324 brevis
755 1266 806 1324 est
831 1264 961 1340 vocalis,
985 1264 1143 1338 positione
1166 1279 1227 1323 sua
1250 1262 1348 1336 longa
1370 1262 1415 1339 11,

147 1371 175 1430 61
198 1369 280 1428 hanc
303 1366 448 1427 vocalem
467 1366 548 1426 duae
568 1369 676 1427 tresve
700 1367 914 1426 consonantes
937 1368 1125 1439 sequuntur.
1150 1365 1293 1426 Litterae
1316 1365 1334 1437 ζ
1355 1365 1370 1438 ξ
1391 1378 1416 1439 ψ

145 1471 298 1545 quoniam
320 1470 397 1527 sunt
420 1468 571 1542 duplices
596 1468 648 1527 his
672 1482 797 1540 quoque
829 1467 990 1541 syllabam
1013 1468 1262 1542 praecedentem
1285 1466 1415 1541 produci

143 1588 200 1647 per
222 1587 257 1631 66
280 1569 479 1643 intellegitur
502 1571 534 1639 ¹).
559 1568 593 1629 ll.
619 1583 668 1642 g.:

233 1669 357 1736 Ξάνθου
380 1669 541 1746 δινήὲντος,
563 1665 598 1729 ὃν
621 1667 773 1741 &deiciendo
789 1663 897 1729 ’τέκετό
926 1669 1010 1740 Ζεύς.
1057 1667 1084 1734 Ξ
1103 1671 1178 1731 434.

188 1774 233 1833 Ut
266 1773 358 1833 docet
391 1772 451 1831 hoc
481 1771 679 1847 exemplum,
710 1771 814 1831 tribus
838 1771 944 1831 modis
966 1771 1157 1831 distributae
1180 1785 1254 1831 esse
1279 1772 1416 1846 possunt

144 1876 358 1935 consonantes
381 1888 463 1946 quae
487 1872 648 1947 syllabam
671 1874 917 1947 praecedentem
941 1873 1137 1947 producunt:

192 1979 219 2045 1)
244 1976 293 2034 Ad
326 1975 411 2034 idern
444 1974 636 2035 vocabulum
667 1975 830 2048 pertinent
853 1975 1068 2035 consonantes
1090 1973 1206 2034 ambae
1231 1976 1330 2048 atque
1354 1974 1415 2049 syl·

242 2077 317 2136 laba
339 2091 421 2148 quae
444 2077 602 2150 positione
625 2076 827 2150 producitur:
853 2075 1013 2153 δινήῖντος.

190 2181 220 2247 2)
245 2178 375 2252 Syllaba
406 2177 513 2238 finalis
545 2179 613 2238 exit
642 2180 675 2237 in
703 2179 835 2238 brevem
870 2177 1017 2239 vocalem
1051 2193 1126 2238 cum
1163 2193 1229 2238 una
1263 2192 1413 2254 consona,

245 2295 384 2352 sequens
426 2282 537 2340 autem
576 2279 771 2340 vocabulum
810 2293 830 2339 a
871 2282 1067 2341 consonante
1097 2280 1225 2354 incipit:
1262 2275 1416 2350 ἆιθάνατδς

240 2375 356 2439 ’cinero

190 2486 221 2553 3)
244 2482 446 2543 Vocabulum
477 2482 636 2541 clauditur
667 2481 770 2542 vocali
801 2484 901 2560 brevi,
933 2485 1125 2557 sequentem
1155 2485 1268 2544 autem
1299 2496 1414 2543 vocem

242 2585 390 2659 aperiunt
413 2584 494 2642 duae
518 2583 581 2652 (vel
605 2585 682 2654 tres)
708 2599 885 2645 consonae:
906 2579 1014 2644 ’τὲκετῦ
1038 2585 1122 2657 Ζεύς.

187 2687 333 2746 Primum
370 2685 467 2758 igitur
500 2685 616 2744 harum
651 2688 897 2759 productionum
931 2702 1034 2761 genus
1067 2688 1138 2762 ipsa
1172 2686 1284 2759 lingua
1314 2684 1415 2746 efficit

143 2791 176 2848 et
208 2787 340 2847 firmum
375 2787 434 2847 hoc
468 2788 520 2846 est
552 2787 584 2845 in
620 2787 757 2860 singulis
789 2789 970 2864 vocabulls;
1003 2789 1182 2850 secundum
1212 2788 1415 2861 tertiumque

142 2892 320 2950 nascuntur
342 2888 420 2947 dum
445 2887 601 2948 vocabula
623 2889 707 2949 inter
730 2890 927 2963 loquendum
954 2892 1201 2965 coniunguntur.

187 3104 346 3177 singulari
381 3104 547 3176 diligentia
579 3104 623 3164 Is.
640 3104 782 3181 Hilberg‚
818 3108 876 3167 das
911 3108 1037 3183 Princip
1072 3108 1127 3169 der
1163 3106 1415 3181 Silbenwagung

142 3206 206 3267 und
237 3207 287 3267 die
318 3206 436 3265 claraus
466 3206 736 3279 entsprlngenden
760 3207 895 3269 Gesetze
926 3210 982 3270 der
1005 3209 1177 3269 Endsilben
1200 3208 1233 3268 in
1256 3208 1314 3278 der
1334 3208 1413 3283 grie

142 3308 293 3367 chischen
316 3307 428 3367 Poesie
452 3308 570 3382 (1879),
594 3308 846 3370 demonstravit:
872 3310 1015 3384 syllabas
1037 3310 1152 3371 finales
1173 3309 1207 3369 in
1229 3309 1296 3370 arsi
1315 3309 1414 3385 potis·

142 3410 264 3468 simum
294 3409 451 3483 positione
482 3408 623 3485 produci,
648 3410 793 3470 vocalem
818 3413 929 3471 autem
953 3413 1095 3488 brevem,
1119 3412 1153 3471 in
1176 3409 1239 3472 116
1264 3411 1415 3473 vocabuli

141 3510 343 3586 collocatam,
378 3525 441 3569 non
473 3510 535 3569 nisi
566 3511 662 3584 primi
693 3513 867 3572 secundive
898 3514 989 3587 pedis
1018 3514 1126 3574 thesin
1154 3513 1281 3575 efficere
1303 3529 1413 3589 posse,

141 3612 214 3671 inde
248 3626 268 3671 a
300 3612 413 3672 Nonno
444 3627 520 3670 vero
551 3627 591 3672 ue
623 3613 655 3672 in
686 3614 801 3673 horum
832 3615 961 3687 quidem
994 3616 1111 3689 pedum
1143 3615 1228 3676 thesi
1250 3615 1414 3690 positione

140 3714 281 3787 produci.

186 3814 288 3887 Leges
321 3814 406 3889 XIV,
441 3831 522 3887 quas
552 3815 737 3890 Hilbergius
769 3819 947 3894 constituit,
980 3819 1152 3879 videantur
1181 3819 1267 3894 apud
1289 3819 1412 3894 ipsum.

142 3916 230 3991 Quod
261 3917 370 3976 autem
405 3917 445 3976 ad
475 3917 655 3978 Homerum
686 3920 819 3995 adtinet,
851 3920 1002 3994 pleraque
1030 3906 1414 3997 huiusmodi'praeoepta

140 4018 210 4077 sine
244 4018 361 4077 damno
393 4023 529 4093 possunt
559 4019 687 4096 negligi,
720 4023 832 4080 atres
864 4037 900 4082 eo
932 4023 999 4083 fere
1025 4023 1109 4083 redit
1131 4025 1167 4084 ut
1192 4023 1413 4085 vetustissimi

141 4122 234 4179 vates
264 4120 408 4193 syllabas
432 4121 546 4182 breves
573 4123 606 4180 in
638 4122 700 4182 116
725 4124 955 4184 vocabulorum
978 4126 1090 4185 obvias
1112 4125 1323 4200 produxerint
1345 4141 1412 4188 om-

140 4222 234 4280 nibus
253 4222 435 4283 hexametri
455 4223 585 4283 sedibus
604 4225 659 4283 ubi
676 4224 744 4284 fieri
760 4225 792 4285 id
804 4228 940 4300 poterat.
959 4227 1082 4301 Nempe
1094 4228 1174 4287 tertii
1184 4227 1311 4302 spondei
1321 4228 1413 4289 116616

140 4322 299 4395 syllabam
319 4323 461 4400 finalem,
482 4341 564 4399 quae
584 4325 679 4399 longa
699 4329 756 4388 aut
777 4329 935 4401 positione
954 4331 1109 4404 producta
1129 4331 1188 4406 est,
1202 4329 1414 4392 omninonon

175 4576 194 4640 Ι)
212 4581 249 4627 Dc
267 4581 353 4628 littera
370 4585 383 4636 ζ
399 4586 484 4629 tamen
503 4584 620 4630 videatur
638 4585 652 4642 ξ
674 4586 713 4632 18.
