3120 5124
783 419 803 477 4
1360 420 1435 492 [Μ

160 613 329 684 poetarum
361 608 502 669 lubidine
535 608 629 668 modo
660 622 716 681 pro
747 606 852 680 longis
876 608 1040 668 numerari
1070 609 1220 682 poterant
1251 611 1346 671 modo
1375 626 1435 686 pro

160 713 312 772 brevibus
350 712 378 781 (ἓ
415 712 464 786 14,
500 710 550 785 18,
583 710 635 785 25,
668 710 721 784 35,
753 711 806 783 36,
835 710 888 785 37,
914 709 976 781 38).
1009 710 1079 771 Vid.
1105 710 1274 786 Westphal
1298 712 1432 787 allgem.

159 814 357 888 griechische
392 813 507 873 Metrik
538 827 568 885 p.
602 811 676 888 283,
701 811 808 871 Christ
836 811 963 872 Metrik²
987 812 1005 880 S
1032 813 1072 871 10
1095 827 1176 889 sqq,
1203 813 1318 874 Hartel
1341 815 1431 876 hom.

160 916 294 976 Studien
316 916 331 974 Ι
354 930 384 988 p.
411 914 474 974 408
499 928 568 987 sqq.

203 1018 265 1078 Sed
284 1015 501 1077 intricatiores
520 1016 580 1075 bas
599 1014 805 1087 quaestiones
827 1015 855 1074 si
875 1015 1050 1091 mittimus,
1072 1016 1105 1076 in
1125 1017 1433 1079 universumstatui

157 1120 275 1193 potest,
303 1117 513 1178 Homericum
540 1132 673 1177 versum
693 1119 841 1176 constare
862 1132 902 1176 ex
921 1117 1026 1191 longis
1045 1119 1260 1192 brevibusque
1278 1118 1430 1196 syllabis;

157 1236 268 1281 arseos
297 1219 458 1293 syllabam
490 1234 619 1293 semper
648 1220 705 1278 aut
735 1220 850 1293 suapte
880 1221 997 1279 natura
1027 1219 1159 1294 longam
1183 1236 1256 1281 esse
1278 1223 1337 1281 aut
1359 1221 1431 1283 loco

157 1338 255 1397 quem
286 1321 410 1381 obtinet
439 1319 570 1392 longam
604 1318 691 1393 ileri;
727 1320 834 1380 thesin
865 1322 923 1381 aut
953 1321 1078 1381 duabus
1110 1321 1246 1395 syllabis
1276 1322 1431 1383 brevibus

157 1423 241 1484 effici
275 1425 332 1484 aut
366 1436 431 1482 una
461 1421 565 1494 longa.
599 1421 718 1481 Sextus
751 1436 827 1481 vero
862 1437 929 1499 pes,
961 1437 1058 1495 quem
1090 1424 1268 1484 trochaeum
1300 1426 1431 1485 veteres

156 1525 283 1585 metrici
306 1525 392 1585 recte
417 1523 575 1583 vocabant
597 1523 672 1593 (vid.
698 1522 805 1583 Christ
828 1523 954 1583 Metrik²
979 1524 997 1593 S
1023 1525 1107 1601 138),
1134 1541 1262 1599 semper
1285 1542 1326 1586 ex
1353 1527 1428 1587 dua·

155 1628 216 1687 hus
238 1628 367 1687 constat
385 1625 530 1701 syllabis,
553 1640 691 1698 quarum
710 1626 867 1699 posterior
888 1627 981 1687 modo
1001 1627 1097 1700 longa
1120 1630 1171 1688 est
1190 1628 1287 1688 modo
1306 1628 1427 1689 brevia.

199 1730 237 1788 In
271 1727 469 1788 alternandis
502 1729 614 1787 autern
648 1727 797 1801 spondeis
827 1729 860 1787 et
889 1727 1028 1801 dactylis
1057 1744 1177 1802 magna
1200 1729 1351 1791 libertate
1374 1731 1427 1791 usi

155 1835 233 1889 sunt
265 1830 379 1903 poetae
412 1829 502 1904 epici,
537 1828 635 1888 nullis
665 1828 738 1888 aliis
768 1827 894 1901 legibus
928 1829 1114 1891 obedientes
1145 1845 1244 1904 quam
1275 1832 1317 1892 iis
1345 1846 1428 1905 quas

154 1943 212 1991 aut
246 1931 347 2006 ipsius
382 1932 477 1991 metri
511 1932 610 1991 ferret
640 1930 764 1991 indoles
795 1933 852 1991 aut
882 1947 978 1992 aures
1006 1932 1179 1992 suaderent
1215 1934 1425 1995 exercitatae.

154 2033 245 2093 Modo
267 2034 366 2106 igitur
388 2033 527 2107 quinque
550 2033 696 2106 dactylos
719 2033 917 2109 continuant,
942 2050 992 2094 ex.
1019 2049 1065 2107 gr.
1090 2056 1109 2111 η
1135 2035 1198 2094 274
1223 2049 1311 2107 sqq:

398 2129 450 2193 εἴα’
475 2131 522 2194 ἐπὶ
546 2134 662 2212 σχεδίης
687 2131 776 2194 ἀδινὰ
799 2135 974 2213 στενάχοντα
996 2133 1151 2214 φέρεσθαι.

369 2266 373 2271 ·
397 2233 451 2313 τὴν
473 2232 528 2313 μὲν
551 2233 648 2295 ἔπειτα
671 2235 784 2296 θύελλα
807 2231 979 2296 διεστέδασ·
1004 2234 1097 2315 αὐτὰρ
1121 2233 1177 2316 ἐγώ
1200 2257 1233 2316 γε

396 2335 558 2415 νηχόμενος
581 2333 655 2416 μέγα
678 2340 784 2414 λαῖτμα
807 2335 972 2418 διέτμαγον,
994 2335 1074 2416 ὄφρα
1098 2359 1132 2414 με
1155 2337 1225 2421 γαίῃ

395 2436 520 2522 ὑμετέρῃ
544 2437 681 2498 ἐπέλασσε
705 2436 806 2518 φέρων
829 2437 937 2518 ἄνεμός
961 2461 989 2500 τε
1013 2437 1063 2499 καὶ
1086 2439 1168 2518 ὕδωρ
1192 2436 1224 2509 ¹).

152 2543 269 2618 Quales
299 2544 412 2602 tamen
443 2542 624 2602 hexametri
655 2542 792 2602 rariores
823 2544 916 2618 sunt,
949 2543 1044 2603 nrodo
1076 2557 1188 2618 unum,
1220 2542 1311 2618 duos,
1341 2544 1421 2619 tres,

150 2647 288 2717 quatuor
311 2644 473 2704 interdum
497 2644 655 2717 spondeos
679 2644 912 2705 intermiscent.

195 2846 339 2922 Quinque
370 2847 501 2921 spondei
526 2847 700 2920 quominus
722 2847 755 2907 in
782 2862 882 2907 unum
907 2862 1038 2907 versum
1061 2847 1291 2908 inveherentur
1314 2847 1420 2907 obsta-

150 2950 204 3009 bat
223 2949 352 3009 aurium
375 2949 540 3010 iudicium.
566 2950 603 3009 In
626 2951 720 3010 textu
743 2949 915 3010 Homerico
939 2964 1027 3025 sane,
1048 2949 1103 3022 qui
1122 2949 1163 3009 ad
1184 2964 1243 3008 nos
1262 2949 1421 3025 pervenit,

148 3051 351 3125 reperiuntur
380 3050 503 3124 aliquot
532 3051 715 3111 hexametri
738 3066 780 3111 ex
803 3051 902 3110 meris
925 3050 1060 3124 syllabis
1082 3050 1188 3124 longis
1214 3051 1421 3126 constantes;

148 3167 251 3226 neque
273 3152 394 3213 criticis
416 3152 645 3212 Alexandrinis
668 3152 810 3226 suspecti
834 3154 926 3211 erant
948 3151 981 3211 hi
1006 3150 1096 3228 στίχοι
1120 3146 1328 3211 ὁλοσνόνδειοι
1349 3152 1422 3214 slve

147 3251 294 3332 ἰσόχρυνοι
329 3254 403 3325 (vid.
440 3252 547 3314 Ohrist
581 3253 708 3313 Metrik²
744 3268 773 3327 p.
810 3254 900 3328 194);
937 3253 1013 3325 quin
1048 3253 1267 3314 Romanorum
1305 3256 1421 3328 poetas

146 3356 344 3429 antiquiores
377 3354 450 3431 plus
482 3355 583 3415 semel
615 3355 649 3415 in
676 3369 736 3414 sua
760 3355 905 3414 carmina
928 3370 983 3415 eos
1008 3355 1180 3416 admisisse
1206 3356 1340 3417 scimus.
1366 3357 1420 3418 Sic

146 3457 230 3532 apud
252 3456 391 3517 Ennium
416 3457 599 3530 legebatur:

500 3558 550 3617 olli
573 3559 728 3633 respoudit
750 3573 807 3617 rex
831 3557 925 3617 Albai
946 3558 1052 3632 lonpor

145 3661 272 3735 aliaque
295 3661 326 3721 id
349 3676 463 3736 genus,
488 3662 521 3720 et
543 3660 627 3733 apud
652 3659 815 3720 Catullum
840 3659 939 3719 cxvi
963 3661 982 3719 3
1007 3661 1074 3719 est:

499 3762 600 3835 quite
623 3761 751 3820 lenirem
773 3760 869 3837 aoth,
894 3776 955 3820 acac
978 3776 1133 3820 conarere.

188 3864 377 3926 Homericos
404 3865 515 3923 tamen
541 3878 665 3936 versus,
689 3863 743 3935 qui
764 3861 1023 3939 δοδενασύλλαβοι
1045 3878 1118 3922 esse
1140 3862 1298 3938 videntur,
1323 3878 1414 3925 accu-

143 3968 246 4026 ratius
276 3966 415 4026 intuenti
443 3966 576 4040 apparet
598 3965 704 4038 specie
727 3965 876 4038 deceptos
899 3963 1000 4023 fuisse
1028 3965 1183 4040 posteros,
1207 3965 1261 4037 qui
1285 3981 1327 4026 ex
1350 3966 1413 4039 syl-

142 4066 224 4127 labis
254 4067 360 4140 longis
391 4067 543 4126 continua
566 4066 648 4125 serie
672 4081 708 4125 se
731 4065 965 4139 excipientibus
992 4065 1189 4139 compositos
1212 4081 1285 4125 esse
1308 4066 1412 4127 crede·

142 4171 222 4229 rent.
249 4169 330 4228 Sunt
354 4168 440 4228 enim
464 4167 513 4228 hi:

317 4269 459 4348 θώρηκας
482 4268 569 4348 ῥῆξαι
592 4266 674 4352 δῄων
697 4264 775 4345 ἀμφὶ
798 4265 946 4344 στήθεσσι.
1139 4269 1163 4325 Β
1188 4268 1264 4329 544.

142 4373 214 4446 Lag.
241 4371 334 4450 δῆΐων
359 4374 432 4442 (vid.
458 4372 475 4441 ἓ
503 4375 564 4441 il).

176 4591 194 4659 ¹)
212 4595 267 4641 vid.
286 4595 365 4641 etiam
384 4599 410 4641 Ψ
426 4595 543 4642 ido-1¹10.
