3120 5124
761 419 800 477 14
1343 416 1372 488 lt
1395 418 1415 476 3

144 612 286 686 loquitur
316 607 509 669 Aristoteles
539 607 677 682 Metaph.
709 623 739 681 p.
771 608 879 667 1093a
903 607 935 676 ¹).
968 606 1234 680 ageneseos
1266 606 1416 679 deinceps

145 714 300 789 usurpata
321 712 480 786 reperitur
501 711 581 770 haec
604 725 739 770 caesura
759 711 783 766 Β
806 710 992 769 400-410.
1015 709 1083 784 Qua
1102 710 1134 768 in
1155 724 1189 769 re
1209 722 1417 782 summopere

144 832 164 876 a
195 816 390 875 Graecorum
420 811 510 886 poesi
541 812 631 887 epica
661 812 844 886 discrepant
879 812 1062 871 hexametri
1093 811 1326 885 Romanorum,
1362 807 1416 881 qui

144 918 248 979 multo
270 916 376 976 rarius
398 914 471 989 post
493 914 627 974 tertium
651 914 841 974 trochaeum
864 913 1049 973 inciduntur
1072 909 1106 989 ²).

187 1020 248 1080 Sed
283 1018 385 1078 etiarn
414 1019 484 1091 poet
516 1016 606 1076 oratu
634 1016 724 1090 pecie
756 1016 836 1075 tertii
866 1015 963 1075 multi
995 1030 1109 1075 versus
1134 1013 1299 1074 Homerici
1322 1011 1416 1072 incisi

144 1122 231 1181 sunt.
267 1119 354 1194 Quae
388 1118 530 1178 masculo
564 1133 699 1178 caesura
733 1118 803 1178 sive
838 1115 1063 1195 πενθημιμεοής
1100 1119 1252 1191 vocatur;
1288 1114 1416 1175 videtur

144 1225 256 1283 autem
280 1223 352 1280 tum
375 1221 508 1280 dernurn
532 1236 593 1280 usu
618 1220 747 1280 venisse
770 1235 844 1279 cunr
869 1219 1018 1280 homines
1041 1234 1105 1280 non
1125 1219 1193 1279 iam
1216 1216 1414 1278 recordaren-

144 1326 198 1384 tur
229 1339 270 1384 ex
300 1321 424 1382 duobus
452 1321 667 1381 hemistichiis
698 1321 850 1395 primitus
884 1321 1143 1394 conglutinatum
1169 1335 1242 1380 esse
1265 1319 1415 1378 hexame-

144 1429 243 1486 trum.
268 1424 337 1484 Nisi
356 1424 428 1497 quis
452 1424 597 1482 statuere
620 1423 715 1483 malit
738 1422 919 1482 masculam
941 1437 1109 1482 caesuram
1133 1423 1180 1480 ita
1203 1434 1275 1480 esso
1303 1421 1415 1478 natam

146 1529 183 1587 ut
215 1526 331 1601 prioris
364 1524 514 1585 versiculi
544 1539 607 1584 non
633 1525 768 1585 initialis
793 1527 922 1586 tantum
954 1525 1080 1599 syllaba
1103 1524 1161 1584 sed
1184 1523 1286 1583 etiarn
1308 1519 1416 1580 finalis

146 1628 409 1703 supprimeretur,
443 1625 630 1700 posterioris
666 1642 741 1687 vero
775 1626 928 1686 versiculi
960 1626 1086 1700 syllaba
1117 1623 1252 1685 initialis
1275 1623 1308 1682 in
1336 1622 1416 1682 duas

145 1730 289 1804 syllabas
307 1729 557 1801 distraheretur;
578 1727 634 1787 sed
653 1728 733 1788 haec
757 1744 820 1787 non
840 1729 923 1788 satis
944 1726 1084 1802 simplex
1105 1727 1197 1786 nobis
1217 1724 1345 1783 videtur
1364 1737 1415 1781 ex·

138 1822 284 1905 plicatio.
316 1829 470 1905 Quicquid
494 1829 526 1889 id
550 1830 610 1904 est,
636 1828 783 1889 mascula
806 1845 941 1889 caesura
963 1829 1058 1904 paulo
1087 1830 1218 1902 quidem
1240 1825 1343 1886 rarior
1366 1825 1417 1884 est

145 1934 178 1993 in
210 1932 391 1993 Homericis
422 1946 520 2005 quarn
550 1931 716 2007 feminina,
741 1932 797 1992 sed
822 1934 932 1992 tamen
957 1932 1131 1992 admodum
1155 1931 1306 2002 frequens
1329 1927 1361 1997 (4
1375 1926 1416 1986 :5

146 2036 233 2104 iere).
257 2033 413 2108 Exemplo
436 2034 481 2094 sit
504 2032 668 2107 Odysseae
691 2047 806 2093 versus
831 2036 867 2093 2:

340 2128 491 2213 ’πλάγχθη
516 2132 579 2195 ἐπεὶ
605 2134 712 2214 Τροίης
735 2126 755 2218 ΙΙ
780 2133 859 2213 ἱερὸν
884 2135 1062 2212 πτολίεθρον
1085 2133 1194 2212 ἔπερσε.
1263 2190 1265 2194 ,

145 2238 268 2311 Dignus
291 2237 346 2309 qui
370 2238 552 2298 conferatur
572 2238 623 2297 est
645 2235 736 2296 locus
759 2232 788 2300 Ξ
809 2238 849 2296 10
870 2252 950 2312 sqq,
974 2237 1028 2298 ubi
1049 2237 1189 2309 quinque
1211 2249 1325 2295 versus
1344 2232 1417 2307 post

146 2340 276 2399 tertiam
301 2339 388 2398 arsin
410 2339 504 2400 incisi
527 2340 560 2399 et
584 2338 840 2413 interpunctione
864 2339 1007 2400 distincti
1030 2340 1116 2399 sunt.

191 2541 468 2616 Frequentissima
496 2544 662 2615 praeterea
693 2542 725 2601 iu
754 2543 901 2603 versibus
925 2544 1062 2604 heroicis
1093 2544 1145 2603 est
1175 2541 1320 2602 dioececis
1346 2540 1416 2600 sive

141 2660 247 2717 perrea
274 2647 344 2717 poet
373 2644 484 2717 pedem
515 2647 674 2719 quartum,
706 2659 788 2716 quae
812 2645 942 2705 nomine
970 2647 1080 2706 minus
1103 2647 1177 2719 apto
1201 2643 1308 2705 vocari
1333 2642 1416 2703 solet

143 2746 288 2805 dioecesis
314 2745 458 2819 bercollco,
490 2745 564 2818 quia
589 2744 849 2806 Ptolemaeorum
874 2763 954 2807 aevo
977 2750 1091 2822 poetae
1114 2746 1249 2807 bucolici
1273 2759 1414 2806 summo·

141 2862 216 2921 pere
245 2846 302 2906 illa
325 2862 426 2921 pausa
449 2846 693 2908 delectabantur
716 2863 820 2921 neque
844 2849 937 2909 facile
962 2849 1091 2909 eumin
1125 2848 1322 2908 carminibus
1344 2847 1414 2908 suis

143 2948 364 3022 neglegebant.
401 2948 596 3023 Saepissime
632 2951 743 3009 autern
776 2952 903 3011 veteres
931 2953 1045 3025 poetae
1068 2950 1150 3024 epici
1173 2950 1234 3010 hac
1258 2964 1413 3010 versuum

143 3050 218 3110 sede
253 3050 450 3110 senteutiam
485 3050 647 3125 incidunt;
683 3052 766 3123 quod
802 3052 856 3112 ubi
890 3051 937 3128 iit,
973 3054 1049 3112 ante
1080 3051 1172 3111 illam
1202 3066 1351 3126 pausam,
1382 3051 1414 3110 in

143 3152 256 3223 quarto
292 3150 389 3224 igitur
423 3152 606 3212 hexametri
640 3153 729 3228 pede,
774 3154 996 3213 necessarium
1030 3153 1096 3214 iere
1131 3168 1203 3213 esse
1231 3152 1414 3226 dactylum,

142 3251 318 3311 molestum
354 3268 429 3312 vero
464 3255 653 3330 spondeum,
686 3254 781 3315 facile
812 3256 964 3328 probatur
993 3256 1120 3315 aurium
1153 3255 1280 3330 iudicio,
1312 3268 1415 3326 neque

179 3543 199 3610 ¹)
216 3549 254 3596 De
272 3561 324 3608 quo
341 3548 398 3597 looo
416 3549 466 3596 vid.
486 3549 584 3598 Usener
601 3553 617 3598 l.
636 3551 653 3598 l.
671 3565 697 3613 p.
716 3555 746 3599 11
766 3566 804 3611 eq.

176 3623 199 3690 ²)
216 3627 255 3674 (li.
278 3627 414 3674 Hoffmann
440 3630 544 3684 Quaest.
562 3632 635 3677 Hom.
654 3631 667 3677 Ι
686 3645 710 3690 p.
731 3633 761 3679 12
780 3645 845 3693 sqq,
864 3631 951 3679 christ
971 3629 1076 3679 Metrilr²
1092 3632 1107 3693 ξ
1125 3633 1182 3687 218,
1200 3630 1323 3679 Ludwich
1341 3630 1414 3677 Arist

144 3705 170 3752 11
187 3720 212 3766 p.
230 3707 278 3753 826
296 3711 390 3768 annot,
408 3709 506 3756 Usener
524 3710 566 3756 l.l.
584 3724 609 3770 p.
632 3713 661 3758 15
680 3725 719 3770 sq.
737 3736 770 3746 —
789 3713 914 3758 Accurate
932 3715 991 3772 post
1008 3712 1072 3759 alios
1089 3713 1115 3758 in
1134 3712 1200 3759 hano
1215 3725 1269 3758 rem
1285 3709 1417 3770 inquisivit

145 3783 171 3831 li.
196 3786 227 3832 G.
254 3786 360 3842 Tindall,
386 3801 400 3832 a
426 3789 526 3846 Theory
549 3789 578 3835 01⁴
600 3789 644 3836 the
666 3790 748 3849 origin
772 3790 822 3836 and
845 3791 1026 3850 development
1048 3791 1078 3838 of
1092 3792 1136 3838 the
1156 3791 1242 3838 heroic
1260 3791 1416 3849 hexameter,

144 3864 204 3910 Now
221 3865 287 3910 Yorlr
306 3867 380 3923 1660,
397 3867 441 3926 qni
459 3867 525 3913 hanc
542 3867 649 3927 praebet
666 3871 883 3929 computationem
901 3869 934 3916 de
951 3870 1024 3930 pedis
1042 3872 1111 3917 tertii
1132 3871 1347 3917 conformatione:

498 3946 535 3992 Ex
553 3947 710 3995 hexametris
729 3950 792 3995 1000
811 3948 907 3995 habent
927 3962 1059 3996 caesuram

378 4034 564 4086 femininam
678 4038 680 4043 '
970 4039 1179 4090 masculinam

786 4123 934 4178 sequent.
952 4150 1005 4176 W
1162 4124 1310 4180 sequent.
1327 4154 1348 4167 .

364 4195 390 4241 iu
408 4194 489 4242 Iliade
557 4197 604 4242 545
871 4201 919 4246 267
1239 4203 1286 4249 150

330 4274 356 4319 in
375 4273 488 4332 Odyssea
557 4276 604 4321 560
678 4284 681 4295 ·
872 4279 919 4324 261
1238 4282 1285 4328 156

260 4353 329 4412 apud
347 4351 487 4412 Vergilium
556 4356 603 4400 106
678 4308 681 4403 Ι
872 4359 919 4404 156
1077 4323 1081 4421 i
1238 4361 1295 4408 591.

143 4430 216 4477 Unde
243 4432 319 4478 simul
345 4432 468 4479 discimus
492 4433 632 4479 Homerum
653 4447 709 4479 raro
733 4431 771 4497 (1:
784 4432 810 4497 ’1)
834 4437 859 4481 iu
879 4437 972 4496 pedem
990 4438 1093 4484 tertium
1112 4437 1247 4486 admittere
1265 4441 1415 4502 spondeum,

143 4510 212 4570 apud
229 4512 369 4570 Vergilium
387 4524 448 4559 vero
467 4512 594 4571 spondeos
613 4512 638 4557 in
657 4513 732 4558 tertia
750 4527 871 4562 versuum
890 4516 951 4563 sede
968 4515 1050 4563 multo
1065 4531 1122 4565 esse
1136 4518 1325 4578 frequentiores
1338 4516 1378 4584 (82
1389 4515 1414 4584 5)

144 4603 221 4649 quam
238 4592 361 4650 dactylos.
