3120 5124
757 401 820 458 140
1324 398 1354 469 [8
1375 397 1416 456 lo

148 588 226 649 illud
250 603 314 648 vau
338 588 569 648 resuscitarent
592 590 625 647 et
649 588 763 647 rootrme
787 588 838 647 vel
860 604 903 646 roe
924 587 1065 647 dicerent
1086 586 1193 660 potius
1216 601 1316 659 quarn
1335 586 1418 646 oinos

148 691 181 749 et
211 691 292 760 (blei
323 689 469 750 Minusne
500 692 579 750 haec
609 693 772 751 venusta?
803 705 845 750 an
876 691 980 751 metro
1012 689 1120 748 minus
1151 690 1252 762 apta?
1277 722 1318 730 -
1343 688 1418 747 Plus

148 791 303 852 dicimus:
336 794 449 865 poetae
480 793 571 867 epici,
593 794 646 866 qul
671 809 744 867 non,
768 795 805 852 ut
827 791 1033 864 grammatici
1055 791 1209 865 hodierni,
1233 791 1417 850 scrutaban·

147 896 200 953 tur
231 894 359 967 linguae
390 909 525 967 graecae
557 896 649 954 initia
682 895 903 954 vicinorumve
927 893 1116 967 populorum
1141 892 1270 965 linguas
1295 907 1418 968 compa·

146 995 272 1070 rabant,
303 1011 343 1055 ne
371 997 453 1057 scire
476 996 606 1069 quidem
630 1000 781 1071 poterant
804 996 874 1055 voci
899 996 983 1054 ciaon
1006 993 1177 1067 aliquando
1199 993 1419 1066 praemissum

146 1096 247 1156 fuisse
271 1112 389 1156 sonum
412 1115 450 1172 to,
474 1099 503 1156 si
527 1099 654 1172 spirans
677 1099 733 1159 illa
756 1098 890 1158 initialis
915 1114 956 1157 ex
980 1112 1040 1156 usu
1065 1095 1250 1169 quotidiano
1270 1094 1417 1154 evanuis

147 1201 206 1258 set.
239 1199 352 1271 ltaque
376 1200 514 1260 facetius
538 1216 637 1273 quam
661 1201 769 1260 verius
793 1200 915 1260 dictum
940 1201 992 1259 est
1019 1198 1203 1273 „digamma
1226 1196 1259 1255 in
1285 1196 1420 1258 Homeri

150 1300 278 1373 ,lingua
319 1315 382 1360 non
418 1317 532 1362 verum
567 1318 638 1361 esse
673 1318 790 1362 sonum
822 1301 878 1360 sed
913 1301 984 1360 soni
1016 1300 1177 1375 umbram,
1209 1299 1295 1359 eirca
1326 1299 1420 1360 sedes

150 1417 249 1476 ,quas
279 1402 358 1462 olim
389 1404 519 1463 tenebat
550 1406 622 1477 post
654 1407 794 1464 mortem
825 1404 1050 1463 oberrantem”
1078 1399 1111 1470 ¹).
1143 1402 1249 1460 Immo
1282 1403 1419 1474 vegetus

146 1507 179 1564 et
202 1504 453 1565 florentissimus
485 1506 618 1565 Homeri
649 1508 793 1579 tempore
818 1506 888 1565 erat
910 1505 962 1564 hic
986 1518 1096 1578 sonus,
1121 1518 1179 1563 neo
1203 1502 1418 1563 dubitandum

146 1607 196 1664 est
220 1607 296 1677 quin
320 1607 352 1665 in
384 1608 454 1666 eius
483 1608 588 1680 patria
611 1608 736 1680 pueruli
760 1622 815 1682 per
838 1606 963 1680 plateas
986 1604 1135 1665 ludentes
1158 1602 1296 1662 fdvaaw
1320 1619 1419 1664 suum

146 1707 207 1766 sibi
230 1707 395 1783 elegerint,
423 1708 572 1768 sitientes
595 1709 743 1770 homines
766 1710 874 1768 fotvov
898 1708 1110 1783 poposcerint,
1133 1706 1216 1767 tardi
1237 1707 1274 1765 ut
1294 1703 1419 1765 solacis

145 1808 285 1868 redirent
309 1811 494 1884 compellati
518 1810 647 1870 tuerint.

190 1909 290 1969 Multo
324 1911 506 1983 graviorem
534 1913 683 1972 ducimus
714 1927 855 1971 errorem
885 1926 996 1971 eorum
1021 1910 1076 1983 qui
1100 1912 1216 1983 putant
1238 1911 1418 1985 spirantem

144 2010 168 2066 f
203 2026 305 2084 neque
340 2013 373 2071 in
407 2012 517 2086 lingua
547 2015 717 2087 poetarum
749 2014 911 2087 epicorum
943 2012 1064 2072 vixisse
1088 2027 1191 2086 neque
1215 2014 1249 2072 in
1272 2014 1419 2075 carmina

145 2112 185 2170 ab
215 2113 256 2171 iis
287 2115 451 2188 receptam
482 2130 564 2188 esse,
589 2115 645 2174 sed
669 2115 834 2191 vocabula,
860 2129 942 2187 quae
970 2114 1127 2187 digammi
1150 2115 1291 2188 vestigia
1314 2117 1419 2201 osten·

145 2214 235 2288 dunt,
270 2215 316 2274 ita
350 2231 370 2275 a
401 2218 504 2290 poetis
536 2232 607 2276 esse
639 2217 750 2276 habita
780 2217 874 2289 quasi
906 2230 1081 2276 consonam
1104 2215 1206 2290 illam,
1232 2230 1316 2289 quae
1339 2215 1417 2275 olim

145 2315 357 2392 adhaesisset,
393 2319 497 2378 adbuc
528 2321 697 2378 servarent
727 2318 894 2378 intactam.
920 2318 1008 2377 Haec
1037 2316 1143 2390 opinio
1166 2317 1327 2389 quomodo
1351 2319 1418 2377 tan·

145 2417 219 2477 dem
242 2420 333 2478 nasci
356 2421 459 2493 possit
481 2421 514 2480 in
539 2422 648 2480 mente
672 2421 742 2494 viri,
767 2420 822 2493 qui
845 2420 1025 2480 Homerum
1048 2434 1147 2479 suum
1169 2420 1260 2478 amet
1279 2421 1314 2478 et
1329 2432 1416 2493 mag-

143 2519 194 2578 nis
212 2521 316 2593 poetis
340 2523 471 2581 vetusta
494 2522 550 2581 illa
574 2523 718 2582 carmina
742 2522 849 2582 deberi
873 2522 1056 2597 arbitretur,
1081 2536 1141 2581 nos
1165 2520 1298 2593 quidem
1321 2520 1415 2593 fugit.

144 2621 300 2681 Attamen
323 2624 401 2682 sunt
424 2624 621 2698 etiamnunc,
646 2627 723 2684 sunt
747 2625 832 2683 inter
847 2623 1089 2683 recentissimos
1109 2621 1243 2682 Homeri
1264 2621 1416 2698 editores,

143 2722 204 2781 viri
239 2722 323 2782 docti
357 2724 498 2798 proiecto
533 2727 566 2784 et
600 2726 696 2800 acuti,
732 2726 787 2797 qui
818 2725 864 2784 ita
895 2724 1037 2799 censent,
1070 2724 1204 2795 ideoque
1230 2723 1418 2798 vituperant

143 2824 314 2885 conamina
336 2841 449 2885 eorum
473 2828 527 2899 qui
551 2827 716 2899 digamma
743 2829 920 2901 ,quantum
945 2826 1040 2885 licet''
1072 2826 1105 2884 in
1130 2825 1330 2885 carminibus
1355 2825 1416 2886 Ho-

144 2927 273 2986 mericis
307 2928 496 2987 restitutum
528 2931 615 2988 eunt.
642 2928 755 2988 Verbis
779 2928 900 3001 apertis
923 2929 1006 2987 hanc
1030 2927 1229 2987 sententiam
1254 2928 1418 3001 expressit

143 3028 263 3087 Paulus
287 3028 388 3088 dauer
411 3044 493 3089 anno
517 3031 600 3089 1889
622 3026 660 3099 2);
686 3031 756 3104 ,die
776 3030 927 3103 epischen
947 3029 1103 3104 Gesange,
1125 3029 1222 3088 deren
1242 3028 1418 3089 abscblies·

147 3131 263 3203 ,sende
298 3131 476 3191 Redalrtion
512 3132 544 3190 in
577 3147 711 3191 unserer
741 3132 820 3191 Ilias
851 3132 916 3191 und
948 3131 1091 3204 Odyssee
1114 3128 1260 3205 vorliegt,
1286 3130 1361 3191 sind
1384 3131 1417 3190 in

146 3232 252 3306 ,einer
287 3232 435 3293 Mundart
464 3234 636 3308 gedichtet,
666 3234 717 3293 die
741 3234 801 3292 den
826 3233 909 3293 Laut
932 3233 989 3292 des
1011 3233 1034 3289 l
1058 3232 1148 3291 nicbt
1171 3230 1265 3290 mehr
1288 3231 1414 3293 besass.

146 3334 222 3409 ,Die
254 3334 375 3407 sanger
405 3334 507 3394 selbst
535 3336 680 3394 wussten
713 3335 803 3394 nicht
833 3336 935 3409 mehr,
969 3349 1093 3394 warum
1122 3334 1169 3393 sie
1193 3329 1252 3392 ἀπὸ
1278 3329 1320 3410 ἕο,
1342 3330 1418 3412 μέγα

145 3433 265 3512 ,lapda
287 3434 372 3506 τόξον
396 3427 464 3493 cido
487 3437 612 3510 sagien,
633 3451 759 3495 warum
779 3437 826 3496 sie
846 3437 907 3496 den
928 3436 1047 3495 Hiatus
1066 3450 1124 3495 vor
1144 3436 1305 3509 gewissen
1327 3435 1416 3497 Wor·

146 3540 219 3610 ,ten
254 3538 323 3596 sich
358 3538 496 3609 geidllen
528 3539 657 3614 liessen,
690 3539 826 3600 sondern
851 3539 898 3598 sie
923 3539 1140 3611 gebrauchten
1164 3539 1251 3598 disse
1277 3537 1417 3599 Freibei·

146 3640 229 3711 ,ten,
266 3639 338 3698 weil
369 3640 416 3698 sie
447 3641 480 3699 in
504 3641 706 3701 zahlreicben
739 3641 966 3701 formelhaiten
990 3640 1210 3715 Wendungen,
1235 3640 1267 3698 in
1291 3639 1417 3700 Versen

145 3740 229 3814 ,und
260 3740 494 3816 Veregruppen,
527 3744 577 3802 die
609 3758 685 3802 man
717 3758 777 3802 aus
801 3744 889 3803 einer
915 3743 1065 3802 truheren
1089 3742 1220 3802 Periode
1244 3741 1301 3801 der
1324 3740 1417 3803 Dich-

145 3842 244 3915 ,tung
278 3842 511 3904 tibernommen
546 3845 647 3920 hatte,
685 3859 747 3904 von
782 3845 892 3904 Alters
923 3845 980 3903 ber
1016 3842 1201 3903 vorkamen.
1235 3842 1314 3903 Wer
1345 3844 1417 3904 aleo

177 4077 196 4144 ¹)
215 4083 254 4128 Ita
270 4083 372 4130 locutus
390 4086 430 4131 est
447 4085 514 4131 Jebb
533 4087 558 4130 in
575 4086 627 4131 rita
645 4085 752 4131 Bentlei.

175 4156 196 4223 ²)
214 4162 245 4207 In
267 4164 415 4209 recensione
433 4167 535 4210 nostrae
555 4165 649 4223 iliadis,
669 4164 784 4211 Berliner
798 4164 984 4223 philologische
1002 4161 1415 4212 WochensehrifttidNov.1889

141 4255 167 4300 p.
187 4243 259 4288 1521.
279 4244 357 4288 -In
380 4243 468 4289 eadem
494 4245 658 4303 ephemeride
678 4245 717 4289 vir
739 4244 830 4290 doctus
846 4244 1030 4303 Peppmueller
1048 4244 1154 4304 deipso
1172 4245 1271 4291 Cunero
1288 4245 1338 4291 hoo
1356 4244 1417 4291 tulit

141 4320 264 4367 iudicium
289 4319 331 4386 (11
355 4323 409 4368 Oet.
434 4319 523 4384 1890):
552 4323 608 4378 „dio
632 4324 812 4370 Unsicherheit
830 4337 879 4369 ron
897 4324 993 4369 cauere
1011 4324 1094 4370 Kritilr
1111 4324 1179 4382 zcigt
1196 4324 1252 4369 sich
1269 4323 1356 4383 gleich
1373 4323 1416 4371 bei

142 4400 311 4460 Behandlung
328 4402 374 4448 dee
391 4401 550 4460 Digamma”.

175 4481 333 4527 Sententiam
351 4494 423 4528 suam
442 4482 474 4528 de
492 4482 621 4540 digammo
639 4483 774 4529 Homerico
793 4485 819 4529 et
837 4482 868 4528 de
887 4485 940 4529 toto
957 4482 1002 4528 illo
1023 4482 1127 4529 Homeri
1145 4483 1267 4529 aeolismo
1288 4483 1333 4544 qui
1350 4481 1413 4529 dici·

143 4564 183 4606 tur
201 4560 283 4607 fusius
302 4562 420 4618 exposuit
438 4561 520 4607 Cauer
537 4562 563 4607 in
582 4561 679 4622 proleg.
697 4561 770 4607 Iliad.
790 4564 862 4618 1890,
881 4562 896 4623 ἓ
915 4565 927 4608 1
948 4562 1015 4621 (pag.
1033 4564 1146 4625 arr-xm).
