<?xml version="1.0" encoding="UTF-8"?>
<!DOCTYPE html PUBLIC "-//W3C//DTD XHTML 1.0 Transitional//EN"
    "http://www.w3.org/TR/xhtml1/DTD/xhtml1-transitional.dtd">
<html xmlns="http://www.w3.org/1999/xhtml" xml:lang="en" lang="en">
 <head>
  <title>
</title>
<meta http-equiv="Content-Type" content="text/html;charset=utf-8" />
  <meta name='ocr-system' content='tesseract 3.04.00' />
  <meta name='ocr-capabilities' content='ocr_page ocr_carea ocr_par ocr_line ocrx_word'/>
</head>
<body>
  <div class='ocr_page' id='page_1' title='image "./enchiridiumdict00leeugoog/enchiridiumdict00leeugoog_0214.png"; bbox 0 0 3120 5124; ppageno 0'>
   <div class='ocr_carea' id='block_1_1' title="bbox 162 400 790 494">
    <p class='ocr_par' dir='ltr' id='par_1_1' title="bbox 162 400 790 494">
     <span class='ocr_line' id='line_1_1' title="bbox 162 400 790 494; baseline -0.011 -24"><span class='ocrx_word' id='word_1_1' title='bbox 162 400 234 474; x_wconf 80' lang='lat' dir='ltr'><strong>tu]</strong></span> <span class='ocrx_word' id='word_1_2' title='bbox 348 489 350 494; x_wconf 14' lang='grc' dir='ltr'>ι</span> <span class='ocrx_word' id='word_1_3' title='bbox 729 404 790 464; x_wconf 82' lang='lat' dir='ltr'><strong>rio</strong></span> 
     </span>
    </p>
   </div>
   <div class='ocr_carea' id='block_1_2' title="bbox 156 587 1393 779">
    <p class='ocr_par' dir='ltr' id='par_1_2' title="bbox 156 587 1393 779">
     <span class='ocr_line' id='line_1_2' title="bbox 158 587 1393 655; baseline 0.006 -8"><span class='ocrx_word' id='word_1_4' title='bbox 158 587 310 650; x_wconf 87' lang='lat' dir='ltr'><strong>molliamus</strong></span> <span class='ocrx_word' id='word_1_5' title='bbox 339 589 493 651; x_wconf 83' lang='lat' dir='ltr'><strong>duritiem</strong></span> <span class='ocrx_word' id='word_1_6' title='bbox 524 591 620 650; x_wconf 90' lang='lat' dir='ltr'><strong>metri</strong></span> <span class='ocrx_word' id='word_1_7' title='bbox 650 590 753 651; x_wconf 77' lang='lat' dir='ltr'>sicubi</span> <span class='ocrx_word' id='word_1_8' title='bbox 784 592 854 650; x_wconf 90' lang='lat' dir='ltr'><strong>sine</strong></span> <span class='ocrx_word' id='word_1_9' title='bbox 885 591 1028 650; x_wconf 90' lang='lat' dir='ltr'><strong>remedio</strong></span> <span class='ocrx_word' id='word_1_10' title='bbox 1055 591 1244 654; x_wconf 89' lang='lat' dir='ltr'><strong>violentiore</strong></span> <span class='ocrx_word' id='word_1_11' title='bbox 1267 594 1299 654; x_wconf 93' lang='lat' dir='ltr'><strong>id</strong></span> <span class='ocrx_word' id='word_1_12' title='bbox 1323 591 1393 655; x_wconf 85' lang='lat' dir='ltr'><strong>fieri</strong></span> 
     </span>
     <span class='ocr_line' id='line_1_3' title="bbox 156 684 1392 779; baseline 0.003 -28"><span class='ocrx_word' id='word_1_13' title='bbox 156 692 241 768; x_wconf 73' lang='lat' dir='ltr'><strong>posit</strong></span> <span class='ocrx_word' id='word_1_14' title='bbox 271 707 299 752; x_wconf 84' lang='grc' dir='ltr'><strong>θ.</strong></span> <span class='ocrx_word' id='word_1_15' title='bbox 322 707 353 765; x_wconf 82' lang='lat' dir='ltr'><strong>g.</strong></span> <span class='ocrx_word' id='word_1_16' title='bbox 386 684 444 751; x_wconf 90' lang='grc' dir='ltr'><strong><em>είσε</em></strong></span> <span class='ocrx_word' id='word_1_17' title='bbox 475 685 507 751; x_wconf 83' lang='grc' dir='ltr'><strong>δ’</strong></span> <span class='ocrx_word' id='word_1_18' title='bbox 532 689 576 751; x_wconf 72' lang='grc' dir='ltr'><strong>ἐνί</strong></span> <span class='ocrx_word' id='word_1_19' title='bbox 605 691 715 776; x_wconf 73' lang='grc' dir='ltr'><strong><em>Σχερίῃ</em></strong></span> <span class='ocrx_word' id='word_1_20' title='bbox 748 693 816 768; x_wconf 87' lang='grc' dir='ltr'><strong><em>ζ·8,</em></strong></span> <span class='ocrx_word' id='word_1_21' title='bbox 840 693 894 753; x_wconf 91' lang='lat' dir='ltr'><strong>ubi</strong></span> <span class='ocrx_word' id='word_1_22' title='bbox 922 693 1046 753; x_wconf 82' lang='lat' dir='ltr'><strong>codices</strong></span> <span class='ocrx_word' id='word_1_23' title='bbox 1070 685 1146 752; x_wconf 81' lang='grc' dir='ltr'><strong><em>εἷσεν</em></strong></span> <span class='ocrx_word' id='word_1_24' title='bbox 1171 688 1200 752; x_wconf 82' lang='grc' dir='ltr'><strong>δ’</strong></span> <span class='ocrx_word' id='word_1_25' title='bbox 1229 692 1260 754; x_wconf 80' lang='grc' dir='ltr'><strong>ἐν</strong></span> <span class='ocrx_word' id='word_1_26' title='bbox 1283 696 1392 779; x_wconf 77' lang='grc' dir='ltr'><strong><em>Σχερίῃ</em></strong></span> 
     </span>
    </p>
   </div>
   <div class='ocr_carea' id='block_1_3' title="bbox 140 786 1398 3514">
    <p class='ocr_par' dir='ltr' id='par_1_3' title="bbox 150 786 1393 1161">
     <span class='ocr_line' id='line_1_4' title="bbox 154 786 1393 878; baseline 0.003 -25"><span class='ocrx_word' id='word_1_27' title='bbox 154 792 253 870; x_wconf 70' lang='lat' dir='ltr'><strong>habnt,</strong></span> <span class='ocrx_word' id='word_1_28' title='bbox 287 794 496 855; x_wconf 80' lang='lat' dir='ltr'><strong>Aristarchus</strong></span> <span class='ocrx_word' id='word_1_29' title='bbox 529 786 606 854; x_wconf 86' lang='grc' dir='ltr'><strong><em>είσεν</em></strong></span> <span class='ocrx_word' id='word_1_30' title='bbox 642 790 674 854; x_wconf 78' lang='grc' dir='ltr'><strong>δὲ</strong></span> <span class='ocrx_word' id='word_1_31' title='bbox 704 794 815 878; x_wconf 70' lang='grc' dir='ltr'><strong><em>Σχερίῃ</em></strong></span> <span class='ocrx_word' id='word_1_32' title='bbox 846 795 1022 869; x_wconf 87' lang='lat' dir='ltr'><strong>scribebat;</strong></span> <span class='ocrx_word' id='word_1_33' title='bbox 1055 804 1139 878; x_wconf 71' lang='grc' dir='ltr'><strong><em>τῇσιν</em></strong></span> <span class='ocrx_word' id='word_1_34' title='bbox 1163 795 1277 856; x_wconf 78' lang='grc' dir='ltr'><strong><em>δώδεκα</em></strong></span> <span class='ocrx_word' id='word_1_35' title='bbox 1300 807 1393 858; x_wconf 74' lang='grc' dir='ltr'><strong><em>πᾶσαν</em></strong></span> 
     </span>
     <span class='ocr_line' id='line_1_5' title="bbox 154 896 1393 983; baseline 0.004 -29"><span class='ocrx_word' id='word_1_36' title='bbox 154 916 169 953; x_wconf 86' lang='grc' dir='ltr'><strong><em>ν</em></strong></span> <span class='ocrx_word' id='word_1_37' title='bbox 190 896 247 972; x_wconf 84' lang='grc'><strong><em>107,</em></strong></span> <span class='ocrx_word' id='word_1_38' title='bbox 280 897 335 956; x_wconf 90' lang='lat' dir='ltr'><strong>ubi</strong></span> <span class='ocrx_word' id='word_1_39' title='bbox 366 898 424 956; x_wconf 91' lang='lat' dir='ltr'><strong>aut</strong></span> <span class='ocrx_word' id='word_1_40' title='bbox 454 897 674 971; x_wconf 88' lang='lat' dir='ltr'><strong>recipiendum</strong></span> <span class='ocrx_word' id='word_1_41' title='bbox 705 899 757 957; x_wconf 89' lang='lat' dir='ltr'><strong>est</strong></span> <span class='ocrx_word' id='word_1_42' title='bbox 786 897 818 957; x_wconf 90' lang='lat' dir='ltr'><strong>id</strong></span> <span class='ocrx_word' id='word_1_43' title='bbox 842 897 925 971; x_wconf 93' lang='lat' dir='ltr'><strong>quod</strong></span> <span class='ocrx_word' id='word_1_44' title='bbox 949 899 1080 971; x_wconf 84' lang='lat' dir='ltr'><strong>praebet</strong></span> <span class='ocrx_word' id='word_1_45' title='bbox 1104 899 1204 959; x_wconf 85' lang='lat' dir='ltr'>codex</span> <span class='ocrx_word' id='word_1_46' title='bbox 1227 915 1249 959; x_wconf 95' lang='lat' dir='ltr'><strong>n</strong></span> <span class='ocrx_word' id='word_1_47' title='bbox 1272 909 1337 983; x_wconf 72' lang='grc' dir='ltr'><strong><em>τῇσι</em></strong></span> <span class='ocrx_word' id='word_1_48' title='bbox 1360 896 1393 959; x_wconf 80' lang='grc' dir='ltr'><strong>δὲ</strong></span> 
     </span>
     <span class='ocr_line' id='line_1_6' title="bbox 152 995 1391 1083; baseline 0.006 -28"><span class='ocrx_word' id='word_1_49' title='bbox 152 995 240 1056; x_wconf 74' lang='grc' dir='ltr'><strong><em>δώδεκα</em></strong></span> <span class='ocrx_word' id='word_1_50' title='bbox 258 1001 317 1060; x_wconf 88' lang='lat' dir='ltr'><strong>aut</strong></span> <span class='ocrx_word' id='word_1_51' title='bbox 338 1014 357 1059; x_wconf 86' lang='lat' dir='ltr'><strong>e</strong></span> <span class='ocrx_word' id='word_1_52' title='bbox 380 999 564 1060; x_wconf 89' lang='lat' dir='ltr'><strong>coniectura</strong></span> <span class='ocrx_word' id='word_1_53' title='bbox 587 999 827 1060; x_wconf 88' lang='lat' dir='ltr'><strong>rescribendum</strong></span> <span class='ocrx_word' id='word_1_54' title='bbox 851 1001 902 1059; x_wconf 88' lang='lat' dir='ltr'><strong>est</strong></span> <span class='ocrx_word' id='word_1_55' title='bbox 927 999 1006 1083; x_wconf 73' lang='grc' dir='ltr'><strong><em>’τῇσι</em></strong></span> <span class='ocrx_word' id='word_1_56' title='bbox 1030 999 1173 1060; x_wconf 81' lang='grc' dir='ltr'><strong><em>δυώδεκα.</em></strong></span> <span class='ocrx_word' id='word_1_57' title='bbox 1197 1001 1267 1062; x_wconf 83' lang='lat' dir='ltr'><strong>Vid.</strong></span> <span class='ocrx_word' id='word_1_58' title='bbox 1292 1004 1391 1062; x_wconf 88' lang='lat' dir='ltr'><strong>etiam</strong></span> 
     </span>
     <span class='ocr_line' id='line_1_7' title="bbox 150 1101 316 1161; baseline 0.018 -3"><span class='ocrx_word' id='word_1_59' title='bbox 150 1101 234 1161; x_wconf 83' lang='lat' dir='ltr'><strong>o233</strong></span> <span class='ocrx_word' id='word_1_60' title='bbox 256 1102 316 1161; x_wconf 88' lang='lat' dir='ltr'><strong>etc.</strong></span> 
     </span>
    </p>

    <p class='ocr_par' dir='ltr' id='par_1_4' title="bbox 140 1201 1396 2499">
     <span class='ocr_line' id='line_1_8' title="bbox 180 1201 1393 1277; baseline 0.002 -13"><span class='ocrx_word' id='word_1_61' title='bbox 180 1202 232 1264; x_wconf 85' lang='lat' dir='ltr'><strong>Sed</strong></span> <span class='ocrx_word' id='word_1_62' title='bbox 251 1202 383 1263; x_wconf 92' lang='lat' dir='ltr'><strong>omnino</strong></span> <span class='ocrx_word' id='word_1_63' title='bbox 407 1202 558 1263; x_wconf 90' lang='lat' dir='ltr'><strong>reicimus</strong></span> <span class='ocrx_word' id='word_1_64' title='bbox 578 1202 776 1262; x_wconf 82' lang='lat' dir='ltr'><strong>sententiam</strong></span> <span class='ocrx_word' id='word_1_65' title='bbox 796 1201 907 1277; x_wconf 78' lang='lat' dir='ltr'><strong>lichit,</strong></span> <span class='ocrx_word' id='word_1_66' title='bbox 927 1204 1154 1277; x_wconf 79' lang='lat' dir='ltr'><strong>paragogicum</strong></span> <span class='ocrx_word' id='word_1_67' title='bbox 1175 1207 1301 1266; x_wconf 88' lang='lat' dir='ltr'><strong>-vante</strong></span> <span class='ocrx_word' id='word_1_68' title='bbox 1323 1222 1393 1266; x_wconf 90' lang='lat' dir='ltr'><strong>con-</strong></span> 
     </span>
     <span class='ocr_line' id='line_1_9' title="bbox 145 1302 1390 1386; baseline 0.002 -23"><span class='ocrx_word' id='word_1_69' title='bbox 145 1318 224 1364; x_wconf 86' lang='lat' dir='ltr'><strong>sonas</strong></span> <span class='ocrx_word' id='word_1_70' title='bbox 246 1320 286 1365; x_wconf 91' lang='lat' dir='ltr'><strong>ne</strong></span> <span class='ocrx_word' id='word_1_71' title='bbox 309 1305 421 1364; x_wconf 86' lang='lat' dir='ltr'><strong>inarsi</strong></span> <span class='ocrx_word' id='word_1_72' title='bbox 444 1305 574 1378; x_wconf 88' lang='lat' dir='ltr'><strong>quidem</strong></span> <span class='ocrx_word' id='word_1_73' title='bbox 598 1320 671 1365; x_wconf 88' lang='lat' dir='ltr'><strong>esse</strong></span> <span class='ocrx_word' id='word_1_74' title='bbox 696 1304 874 1380; x_wconf 84' lang='lat' dir='ltr'><strong>serendum,</strong></span> <span class='ocrx_word' id='word_1_75' title='bbox 899 1305 1104 1366; x_wconf 89' lang='lat' dir='ltr'><strong>scribendum</strong></span> <span class='ocrx_word' id='word_1_76' title='bbox 1116 1306 1215 1379; x_wconf 84' lang='lat' dir='ltr'><strong>igitur</strong></span> <span class='ocrx_word' id='word_1_77' title='bbox 1235 1322 1307 1368; x_wconf 92' lang='lat' dir='ltr'><strong>esse</strong></span> <span class='ocrx_word' id='word_1_78' title='bbox 1325 1302 1390 1386; x_wconf 79' lang='grc' dir='ltr'><strong><em>παρ’</em></strong></span> 
     </span>
     <span class='ocr_line' id='line_1_10' title="bbox 143 1400 1390 1485; baseline 0.004 -22"><span class='ocrx_word' id='word_1_79' title='bbox 143 1400 243 1482; x_wconf 77' lang='grc' dir='ltr'><strong><em>ὄχθαισι</em></strong></span> <span class='ocrx_word' id='word_1_80' title='bbox 259 1402 529 1482; x_wconf 68' lang='grc' dir='ltr'><strong><em>ποιάμοιο,ίίιιεσῑ</em></strong></span> <span class='ocrx_word' id='word_1_81' title='bbox 547 1402 598 1464; x_wconf 82' lang='grc' dir='ltr'><strong>καί</strong></span> <span class='ocrx_word' id='word_1_82' title='bbox 616 1401 714 1484; x_wconf 78' lang='grc' dir='ltr'><strong><em>χέρσιν</em></strong></span> <span class='ocrx_word' id='word_1_83' title='bbox 733 1402 863 1484; x_wconf 77' lang='grc' dir='ltr'><strong><em>ἀρήξειν,</em></strong></span> <span class='ocrx_word' id='word_1_84' title='bbox 882 1403 1014 1484; x_wconf 77' lang='grc' dir='ltr'><strong><em>σ’ίτρνννὲ</em></strong></span> <span class='ocrx_word' id='word_1_85' title='bbox 1035 1401 1065 1465; x_wconf 74' lang='grc' dir='ltr'><strong>δ’</strong></span> <span class='ocrx_word' id='word_1_86' title='bbox 1077 1401 1218 1485; x_wconf 83' lang='grc' dir='ltr'><strong><em>Ὀδύσηιι,</em></strong></span> <span class='ocrx_word' id='word_1_87' title='bbox 1233 1407 1351 1485; x_wconf 75' lang='grc' dir='ltr'><strong><em>μάστιξε</em></strong></span> <span class='ocrx_word' id='word_1_88' title='bbox 1362 1404 1390 1468; x_wconf 84' lang='grc' dir='ltr'><strong>δ’</strong></span> 
     </span>
     <span class='ocr_line' id='line_1_11' title="bbox 142 1502 1392 1584; baseline 0.004 -17"><span class='ocrx_word' id='word_1_89' title='bbox 142 1502 216 1584; x_wconf 63' lang='grc' dir='ltr'><strong><em>ίιίιμ</em></strong></span> <span class='ocrx_word' id='word_1_90' title='bbox 235 1508 268 1567; x_wconf 88' lang='lat' dir='ltr'><strong>et</strong></span> <span class='ocrx_word' id='word_1_91' title='bbox 285 1507 424 1582; x_wconf 91' lang='lat' dir='ltr'><strong>similia;</strong></span> <span class='ocrx_word' id='word_1_92' title='bbox 443 1508 596 1577; x_wconf 80' lang='lat' dir='ltr'><strong>namin§</strong></span> <span class='ocrx_word' id='word_1_93' title='bbox 612 1508 651 1567; x_wconf 88' lang='lat'><strong>19</strong></span> <span class='ocrx_word' id='word_1_94' title='bbox 671 1508 813 1568; x_wconf 87' lang='lat' dir='ltr'><strong>vidimus</strong></span> <span class='ocrx_word' id='word_1_95' title='bbox 833 1509 986 1584; x_wconf 89' lang='lat' dir='ltr'><strong>syllabas,</strong></span> <span class='ocrx_word' id='word_1_96' title='bbox 1007 1510 1132 1582; x_wconf 91' lang='lat' dir='ltr'><strong>quaein</strong></span> <span class='ocrx_word' id='word_1_97' title='bbox 1151 1511 1283 1571; x_wconf 89' lang='lat' dir='ltr'><strong>brevem</strong></span> <span class='ocrx_word' id='word_1_98' title='bbox 1304 1526 1392 1572; x_wconf 87' lang='lat' dir='ltr'><strong>voca·</strong></span> 
     </span>
     <span class='ocr_line' id='line_1_12' title="bbox 141 1607 1395 1687; baseline 0.006 -20"><span class='ocrx_word' id='word_1_99' title='bbox 141 1607 195 1669; x_wconf 87' lang='lat' dir='ltr'><strong>lem</strong></span> <span class='ocrx_word' id='word_1_100' title='bbox 212 1611 340 1685; x_wconf 85' lang='lat' dir='ltr'><strong>exeunt,</strong></span> <span class='ocrx_word' id='word_1_101' title='bbox 362 1609 418 1669; x_wconf 87' lang='lat' dir='ltr'><strong>vix</strong></span> <span class='ocrx_word' id='word_1_102' title='bbox 436 1624 580 1683; x_wconf 92' lang='lat' dir='ltr'><strong>unquam</strong></span> <span class='ocrx_word' id='word_1_103' title='bbox 601 1610 633 1669; x_wconf 88' lang='lat' dir='ltr'><strong>vi</strong></span> <span class='ocrx_word' id='word_1_104' title='bbox 653 1609 739 1670; x_wconf 92' lang='lat' dir='ltr'><strong>ictus</strong></span> <span class='ocrx_word' id='word_1_105' title='bbox 758 1610 889 1684; x_wconf 85' lang='lat' dir='ltr'><strong>produci</strong></span> <span class='ocrx_word' id='word_1_106' title='bbox 901 1611 964 1670; x_wconf 93' lang='lat' dir='ltr'><strong>nisi</strong></span> <span class='ocrx_word' id='word_1_107' title='bbox 976 1613 1034 1670; x_wconf 90' lang='lat' dir='ltr'><strong>aut</strong></span> <span class='ocrx_word' id='word_1_108' title='bbox 1052 1612 1243 1673; x_wconf 86' lang='lat' dir='ltr'><strong>hexameter</strong></span> <span class='ocrx_word' id='word_1_109' title='bbox 1253 1615 1328 1687; x_wconf 90' lang='lat' dir='ltr'><strong>post</strong></span> <span class='ocrx_word' id='word_1_110' title='bbox 1338 1629 1395 1674; x_wconf 90' lang='lat' dir='ltr'><strong>eas</strong></span> 
     </span>
     <span class='ocr_line' id='line_1_13' title="bbox 140 1710 1394 1794; baseline 0.004 -25"><span class='ocrx_word' id='word_1_111' title='bbox 140 1710 283 1772; x_wconf 89' lang='lat' dir='ltr'><strong>incidatur</strong></span> <span class='ocrx_word' id='word_1_112' title='bbox 313 1712 372 1773; x_wconf 92' lang='lat' dir='ltr'><strong>aut</strong></span> <span class='ocrx_word' id='word_1_113' title='bbox 393 1712 464 1787; x_wconf 90' lang='lat' dir='ltr'><strong>ipsa</strong></span> <span class='ocrx_word' id='word_1_114' title='bbox 486 1712 658 1773; x_wconf 88' lang='lat' dir='ltr'><strong>sententia.</strong></span> <span class='ocrx_word' id='word_1_115' title='bbox 683 1711 799 1772; x_wconf 87' lang='lat' dir='ltr'><strong>Melius</strong></span> <span class='ocrx_word' id='word_1_116' title='bbox 820 1712 920 1785; x_wconf 82' lang='lat' dir='ltr'><strong>igitur</strong></span> <span class='ocrx_word' id='word_1_117' title='bbox 943 1713 1085 1787; x_wconf 83' lang='lat' dir='ltr'><strong>proiecto</strong></span> <span class='ocrx_word' id='word_1_118' title='bbox 1112 1710 1235 1772; x_wconf 68' lang='grc' dir='ltr'><strong><em>Ηπεσιν</em></strong></span> <span class='ocrx_word' id='word_1_119' title='bbox 1258 1711 1309 1774; x_wconf 78' lang='grc' dir='ltr'><strong>καὶ</strong></span> <span class='ocrx_word' id='word_1_120' title='bbox 1332 1737 1394 1794; x_wconf 79' lang='grc' dir='ltr'><strong><em>χερ-</em></strong></span> 
     </span>
     <span class='ocr_line' id='line_1_14' title="bbox 141 1806 1393 1892; baseline 0.007 -23"><span class='ocrx_word' id='word_1_121' title='bbox 141 1810 190 1888; x_wconf 77' lang='grc' dir='ltr'><strong><em>σίν,</em></strong></span> <span class='ocrx_word' id='word_1_122' title='bbox 217 1811 344 1892; x_wconf 69' lang='grc' dir='ltr'><strong><em>ὤτρυνεν</em></strong></span> <span class='ocrx_word' id='word_1_123' title='bbox 378 1806 405 1872; x_wconf 80' lang='grc' dir='ltr'><strong>δ’</strong></span> <span class='ocrx_word' id='word_1_124' title='bbox 436 1807 567 1891; x_wconf 72' lang='grc' dir='ltr'><strong><em>Ὀδυσῆα</em></strong></span> <span class='ocrx_word' id='word_1_125' title='bbox 591 1815 652 1875; x_wconf 88' lang='lat' dir='ltr'><strong>etc.</strong></span> <span class='ocrx_word' id='word_1_126' title='bbox 680 1814 782 1874; x_wconf 90' lang='lat' dir='ltr'><strong>etiam</strong></span> <span class='ocrx_word' id='word_1_127' title='bbox 805 1815 939 1887; x_wconf 87' lang='lat' dir='ltr'><strong>posthac</strong></span> <span class='ocrx_word' id='word_1_128' title='bbox 963 1815 1130 1891; x_wconf 85' lang='lat' dir='ltr'><strong>scribetur,</strong></span> <span class='ocrx_word' id='word_1_129' title='bbox 1155 1830 1230 1876; x_wconf 91' lang='lat' dir='ltr'><strong>cum</strong></span> <span class='ocrx_word' id='word_1_130' title='bbox 1253 1832 1393 1891; x_wconf 91' lang='lat' dir='ltr'><strong>praeser-</strong></span> 
     </span>
     <span class='ocr_line' id='line_1_15' title="bbox 141 1914 1395 1990; baseline 0.004 -16"><span class='ocrx_word' id='word_1_131' title='bbox 141 1914 193 1974; x_wconf 85' lang='lat' dir='ltr'><strong>tim</strong></span> <span class='ocrx_word' id='word_1_132' title='bbox 219 1930 312 1976; x_wconf 91' lang='lat' dir='ltr'><strong>nemo</strong></span> <span class='ocrx_word' id='word_1_133' title='bbox 342 1918 440 1989; x_wconf 83' lang='lat' dir='ltr'><strong>neget</strong></span> <span class='ocrx_word' id='word_1_134' title='bbox 469 1915 610 1988; x_wconf 84' lang='lat' dir='ltr'><strong>aliquem</strong></span> <span class='ocrx_word' id='word_1_135' title='bbox 643 1917 728 1976; x_wconf 90' lang='lat' dir='ltr'><strong>certe</strong></span> <span class='ocrx_word' id='word_1_136' title='bbox 751 1915 879 1977; x_wconf 84' lang='lat' dir='ltr'><strong>litterae</strong></span> <span class='ocrx_word' id='word_1_137' title='bbox 906 1917 1116 1990; x_wconf 75' lang='lat' dir='ltr'><strong>paragogicae</strong></span> <span class='ocrx_word' id='word_1_138' title='bbox 1139 1916 1174 1977; x_wconf 91' lang='lat' dir='ltr'><strong>in</strong></span> <span class='ocrx_word' id='word_1_139' title='bbox 1197 1920 1395 1979; x_wconf 82' lang='lat' dir='ltr'><strong>carminibus</strong></span> 
     </span>
     <span class='ocr_line' id='line_1_16' title="bbox 144 2013 1395 2094; baseline 0.005 -21"><span class='ocrx_word' id='word_1_140' title='bbox 144 2013 308 2078; x_wconf 87' lang='lat' dir='ltr'><strong>Homericis</strong></span> <span class='ocrx_word' id='word_1_141' title='bbox 330 2032 403 2078; x_wconf 87' lang='lat' dir='ltr'><strong>esse</strong></span> <span class='ocrx_word' id='word_1_142' title='bbox 425 2032 534 2094; x_wconf 88' lang='lat' dir='ltr'><strong>usum,</strong></span> <span class='ocrx_word' id='word_1_143' title='bbox 560 2019 684 2092; x_wconf 88' lang='lat' dir='ltr'><strong>etipse</strong></span> <span class='ocrx_word' id='word_1_144' title='bbox 708 2017 839 2078; x_wconf 83' lang='lat' dir='ltr'><strong>Fiokius</strong></span> <span class='ocrx_word' id='word_1_145' title='bbox 862 2018 1075 2078; x_wconf 86' lang='lat' dir='ltr'><strong>adhibendam</strong></span> <span class='ocrx_word' id='word_1_146' title='bbox 1105 2033 1178 2078; x_wconf 90' lang='lat' dir='ltr'><strong>eam</strong></span> <span class='ocrx_word' id='word_1_147' title='bbox 1201 2023 1332 2081; x_wconf 89' lang='lat' dir='ltr'><strong>censeat</strong></span> <span class='ocrx_word' id='word_1_148' title='bbox 1355 2020 1395 2080; x_wconf 90' lang='lat' dir='ltr'><strong>ad</strong></span> 
     </span>
     <span class='ocr_line' id='line_1_17' title="bbox 145 2116 1395 2194; baseline 0.006 -20"><span class='ocrx_word' id='word_1_149' title='bbox 145 2116 301 2191; x_wconf 87' lang='lat' dir='ltr'><strong>explendos</strong></span> <span class='ocrx_word' id='word_1_150' title='bbox 319 2119 430 2179; x_wconf 89' lang='lat' dir='ltr'><strong>hiatus</strong></span> <span class='ocrx_word' id='word_1_151' title='bbox 453 2118 689 2194; x_wconf 88' lang='lat' dir='ltr'><strong>intolerabiles;</strong></span> <span class='ocrx_word' id='word_1_152' title='bbox 714 2119 746 2178; x_wconf 89' lang='lat' dir='ltr'><strong>in</strong></span> <span class='ocrx_word' id='word_1_153' title='bbox 770 2119 855 2179; x_wconf 91' lang='lat' dir='ltr'><strong>thesi</strong></span> <span class='ocrx_word' id='word_1_154' title='bbox 875 2123 987 2180; x_wconf 87' lang='lat' dir='ltr'><strong>autem</strong></span> <span class='ocrx_word' id='word_1_155' title='bbox 1006 2121 1035 2179; x_wconf 91' lang='lat' dir='ltr'><strong>si</strong></span> <span class='ocrx_word' id='word_1_156' title='bbox 1053 2121 1170 2194; x_wconf 90' lang='lat' dir='ltr'><strong>probae</strong></span> <span class='ocrx_word' id='word_1_157' title='bbox 1183 2123 1260 2181; x_wconf 91' lang='lat' dir='ltr'><strong>sunt</strong></span> <span class='ocrx_word' id='word_1_158' title='bbox 1272 2122 1395 2182; x_wconf 83' lang='lat' dir='ltr'><strong>formae</strong></span> 
     </span>
     <span class='ocr_line' id='line_1_18' title="bbox 145 2213 1396 2299; baseline 0.007 -25"><span class='ocrx_word' id='word_1_159' title='bbox 145 2213 286 2290; x_wconf 67' lang='lat' dir='ltr'><strong>finelolotv</strong></span> <span class='ocrx_word' id='word_1_160' title='bbox 320 2223 355 2281; x_wconf 81' lang='lat' dir='ltr'><strong>et</strong></span> <span class='ocrx_word' id='word_1_161' title='bbox 389 2218 530 2299; x_wconf 77' lang='grc' dir='ltr'><strong><em>ὤτρυνεν,</em></strong></span> <span class='ocrx_word' id='word_1_162' title='bbox 563 2237 591 2282; x_wconf 84' lang='lat' dir='ltr'><strong>e.</strong></span> <span class='ocrx_word' id='word_1_163' title='bbox 615 2236 645 2295; x_wconf 83' lang='lat' dir='ltr'><strong>g.</strong></span> <span class='ocrx_word' id='word_1_164' title='bbox 682 2218 813 2298; x_wconf 79' lang='grc' dir='ltr'><strong><em>ὤτρυνεν</em></strong></span> <span class='ocrx_word' id='word_1_165' title='bbox 847 2218 994 2280; x_wconf 78' lang='grc' dir='ltr'><strong><em>Ἀπόλλων</em></strong></span> <span class='ocrx_word' id='word_1_166' title='bbox 1030 2223 1055 2279; x_wconf 92' lang='grc' dir='ltr'><em>Ρ</em></span> <span class='ocrx_word' id='word_1_167' title='bbox 1086 2222 1160 2298; x_wconf 81' lang='grc'><strong><em>582,</em></strong></span> <span class='ocrx_word' id='word_1_168' title='bbox 1193 2223 1302 2296; x_wconf 83' lang='lat' dir='ltr'><strong>quidni</strong></span> <span class='ocrx_word' id='word_1_169' title='bbox 1329 2225 1396 2284; x_wconf 90' lang='lat' dir='ltr'><strong>sint</strong></span> 
     </span>
     <span class='ocr_line' id='line_1_19' title="bbox 146 2320 1395 2397; baseline 0.005 -19"><span class='ocrx_word' id='word_1_170' title='bbox 146 2320 228 2382; x_wconf 85' lang='lat' dir='ltr'><strong>etiam</strong></span> <span class='ocrx_word' id='word_1_171' title='bbox 248 2323 281 2383; x_wconf 91' lang='lat' dir='ltr'><strong>in</strong></span> <span class='ocrx_word' id='word_1_172' title='bbox 303 2323 396 2383; x_wconf 83' lang='lat' dir='ltr'><strong>arsi?</strong></span> <span class='ocrx_word' id='word_1_173' title='bbox 418 2323 525 2383; x_wconf 91' lang='lat' dir='ltr'><strong>Immo</strong></span> <span class='ocrx_word' id='word_1_174' title='bbox 549 2323 658 2397; x_wconf 83' lang='lat' dir='ltr'><strong>opicae</strong></span> <span class='ocrx_word' id='word_1_175' title='bbox 677 2323 806 2396; x_wconf 85' lang='lat' dir='ltr'><strong>linguae</strong></span> <span class='ocrx_word' id='word_1_176' title='bbox 827 2323 887 2383; x_wconf 91' lang='lat' dir='ltr'><strong>hac</strong></span> <span class='ocrx_word' id='word_1_177' title='bbox 907 2323 940 2382; x_wconf 95' lang='lat' dir='ltr'><strong>in</strong></span> <span class='ocrx_word' id='word_1_178' title='bbox 963 2338 998 2383; x_wconf 92' lang='lat' dir='ltr'><strong>re</strong></span> <span class='ocrx_word' id='word_1_179' title='bbox 1018 2322 1115 2382; x_wconf 91' lang='lat' dir='ltr'><strong>aliam</strong></span> <span class='ocrx_word' id='word_1_180' title='bbox 1140 2339 1212 2384; x_wconf 90' lang='lat' dir='ltr'><strong>esse</strong></span> <span class='ocrx_word' id='word_1_181' title='bbox 1236 2325 1395 2386; x_wconf 87' lang='lat' dir='ltr'><strong>rationem</strong></span> 
     </span>
     <span class='ocr_line' id='line_1_20' title="bbox 148 2422 1163 2499; baseline 0.005 -19"><span class='ocrx_word' id='word_1_182' title='bbox 148 2422 226 2494; x_wconf 82' lang='lat' dir='ltr'><strong>atque</strong></span> <span class='ocrx_word' id='word_1_183' title='bbox 246 2424 394 2485; x_wconf 72' lang='lat' dir='ltr'><strong>aeolicae</strong></span> <span class='ocrx_word' id='word_1_184' title='bbox 418 2439 516 2498; x_wconf 90' lang='lat' dir='ltr'><strong>quarn</strong></span> <span class='ocrx_word' id='word_1_185' title='bbox 540 2425 692 2485; x_wconf 85' lang='lat' dir='ltr'><strong>novimus</strong></span> <span class='ocrx_word' id='word_1_186' title='bbox 716 2424 854 2499; x_wconf 85' lang='lat' dir='ltr'><strong>dialecti,</strong></span> <span class='ocrx_word' id='word_1_187' title='bbox 879 2424 998 2496; x_wconf 91' lang='lat' dir='ltr'><strong>liquido</strong></span> <span class='ocrx_word' id='word_1_188' title='bbox 1022 2427 1163 2499; x_wconf 87' lang='lat' dir='ltr'><strong>apparet.</strong></span> 
     </span>
    </p>

    <p class='ocr_par' dir='ltr' id='par_1_5' title="bbox 150 2524 1398 3514">
     <span class='ocr_line' id='line_1_21' title="bbox 185 2524 1394 2603; baseline 0.003 -19"><span class='ocrx_word' id='word_1_189' title='bbox 185 2524 255 2586; x_wconf 80' lang='lat' dir='ltr'><strong>Ante</strong></span> <span class='ocrx_word' id='word_1_190' title='bbox 288 2525 445 2600; x_wconf 88' lang='lat' dir='ltr'><strong>liquidam</strong></span> <span class='ocrx_word' id='word_1_191' title='bbox 480 2526 532 2587; x_wconf 86' lang='lat' dir='ltr'><strong>vel</strong></span> <span class='ocrx_word' id='word_1_192' title='bbox 566 2526 590 2584; x_wconf 68' lang='lat' dir='ltr'>f</span> <span class='ocrx_word' id='word_1_193' title='bbox 620 2526 779 2587; x_wconf 91' lang='lat' dir='ltr'><strong>meliusne</strong></span> <span class='ocrx_word' id='word_1_194' title='bbox 810 2526 947 2586; x_wconf 88' lang='lat' dir='ltr'><strong>addatur</strong></span> <span class='ocrx_word' id='word_1_195' title='bbox 977 2548 1006 2584; x_wconf 87' lang='grc' dir='ltr'><strong>-ν</strong></span> <span class='ocrx_word' id='word_1_196' title='bbox 1038 2541 1079 2585; x_wconf 89' lang='lat' dir='ltr'><strong>an</strong></span> <span class='ocrx_word' id='word_1_197' title='bbox 1107 2527 1288 2603; x_wconf 89' lang='lat' dir='ltr'><strong>omittatur,</strong></span> <span class='ocrx_word' id='word_1_198' title='bbox 1313 2543 1339 2588; x_wconf 92' lang='lat' dir='ltr'><strong>e.</strong></span> <span class='ocrx_word' id='word_1_199' title='bbox 1365 2542 1394 2601; x_wconf 82' lang='lat' dir='ltr'><strong>g.</strong></span> 
     </span>
     <span class='ocr_line' id='line_1_22' title="bbox 150 2618 1395 2711; baseline 0.005 -31"><span class='ocrx_word' id='word_1_200' title='bbox 150 2619 232 2684; x_wconf 66' lang='lat' dir='ltr'><strong>ficta</strong></span> <span class='ocrx_word' id='word_1_201' title='bbox 262 2622 315 2704; x_wconf 70' lang='grc' dir='ltr'><strong>μὲν</strong></span> <span class='ocrx_word' id='word_1_202' title='bbox 349 2622 508 2704; x_wconf 73' lang='grc' dir='ltr'><strong><em>ὀνείδισον,</em></strong></span> <span class='ocrx_word' id='word_1_203' title='bbox 538 2627 624 2705; x_wconf 76' lang='grc' dir='ltr'><strong><em>ίμασὲ</em></strong></span> <span class='ocrx_word' id='word_1_204' title='bbox 654 2627 770 2707; x_wconf 78' lang='grc' dir='ltr'><strong><em>μάστιγι</em></strong></span> <span class='ocrx_word' id='word_1_205' title='bbox 801 2637 921 2711; x_wconf 72' lang='grc' dir='ltr'><strong><em>φαεινῇ,</em></strong></span> <span class='ocrx_word' id='word_1_206' title='bbox 943 2628 976 2688; x_wconf 84' lang='lat' dir='ltr'><strong>et</strong></span> <span class='ocrx_word' id='word_1_207' title='bbox 1006 2627 1163 2687; x_wconf 76' lang='lat' dir='ltr'><strong>vocabula</strong></span> <span class='ocrx_word' id='word_1_208' title='bbox 1186 2618 1258 2704; x_wconf 74' lang='grc' dir='ltr'><strong><em>ἧμιν</em></strong></span> <span class='ocrx_word' id='word_1_209' title='bbox 1282 2624 1395 2705; x_wconf 81' lang='grc' dir='ltr'><strong><em>(ι’ίμμιν)</em></strong></span> 
     </span>
     <span class='ocr_line' id='line_1_23' title="bbox 151 2712 1395 2806; baseline 0.004 -22"><span class='ocrx_word' id='word_1_210' title='bbox 151 2712 207 2797; x_wconf 79' lang='grc' dir='ltr'><strong><em>ὗμιν</em></strong></span> <span class='ocrx_word' id='word_1_211' title='bbox 234 2724 344 2805; x_wconf 78' lang='grc' dir='ltr'><strong><em>(ὔμμιν)</em></strong></span> <span class='ocrx_word' id='word_1_212' title='bbox 374 2727 509 2806; x_wconf 74' lang='grc' dir='ltr'><strong><em>πρόσθεν</em></strong></span> <span class='ocrx_word' id='word_1_213' title='bbox 539 2729 614 2806; x_wconf 85' lang='lat' dir='ltr'><strong>alia,</strong></span> <span class='ocrx_word' id='word_1_214' title='bbox 646 2731 762 2803; x_wconf 90' lang='lat' dir='ltr'><strong>quibus</strong></span> <span class='ocrx_word' id='word_1_215' title='bbox 786 2729 896 2789; x_wconf 91' lang='lat' dir='ltr'><strong>littera</strong></span> <span class='ocrx_word' id='word_1_216' title='bbox 919 2752 950 2786; x_wconf 89' lang='lat' dir='ltr'><strong>-v</strong></span> <span class='ocrx_word' id='word_1_217' title='bbox 974 2729 1013 2789; x_wconf 92' lang='lat' dir='ltr'><strong>ab</strong></span> <span class='ocrx_word' id='word_1_218' title='bbox 1038 2729 1158 2802; x_wconf 87' lang='lat' dir='ltr'><strong>origine</strong></span> <span class='ocrx_word' id='word_1_219' title='bbox 1184 2731 1311 2804; x_wconf 89' lang='lat' dir='ltr'><strong>propria</strong></span> <span class='ocrx_word' id='word_1_220' title='bbox 1335 2733 1395 2806; x_wconf 85' lang='lat' dir='ltr'><strong>est,</strong></span> 
     </span>
     <span class='ocr_line' id='line_1_24' title="bbox 152 2825 1395 2905; baseline 0.007 -22"><span class='ocrx_word' id='word_1_221' title='bbox 152 2825 283 2891; x_wconf 87' lang='lat' dir='ltr'><strong>meliusne</strong></span> <span class='ocrx_word' id='word_1_222' title='bbox 318 2845 392 2891; x_wconf 84' lang='lat' dir='ltr'><strong>eam</strong></span> <span class='ocrx_word' id='word_1_223' title='bbox 427 2832 559 2891; x_wconf 85' lang='lat' dir='ltr'><strong>servent</strong></span> <span class='ocrx_word' id='word_1_224' title='bbox 593 2846 635 2892; x_wconf 89' lang='lat' dir='ltr'><strong>an</strong></span> <span class='ocrx_word' id='word_1_225' title='bbox 666 2831 806 2891; x_wconf 86' lang='lat' dir='ltr'><strong>abiciant</strong></span> <span class='ocrx_word' id='word_1_226' title='bbox 836 2831 890 2890; x_wconf 94' lang='lat' dir='ltr'><strong>ubi</strong></span> <span class='ocrx_word' id='word_1_227' title='bbox 920 2846 984 2890; x_wconf 90' lang='lat' dir='ltr'><strong>non</strong></span> <span class='ocrx_word' id='word_1_228' title='bbox 1016 2832 1066 2890; x_wconf 90' lang='lat' dir='ltr'><strong>est</strong></span> <span class='ocrx_word' id='word_1_229' title='bbox 1093 2832 1287 2905; x_wconf 89' lang='lat' dir='ltr'><strong>necessaria,</strong></span> <span class='ocrx_word' id='word_1_230' title='bbox 1313 2848 1340 2892; x_wconf 93' lang='lat' dir='ltr'><strong>e.</strong></span> <span class='ocrx_word' id='word_1_231' title='bbox 1364 2847 1395 2905; x_wconf 84' lang='lat' dir='ltr'><strong>g.</strong></span> 
     </span>
     <span class='ocr_line' id='line_1_25' title="bbox 153 2922 1396 3010; baseline 0.008 -28"><span class='ocrx_word' id='word_1_232' title='bbox 153 2922 250 3001; x_wconf 74' lang='grc' dir='ltr'><strong><em>δύνασις</em></strong></span> <span class='ocrx_word' id='word_1_233' title='bbox 281 2928 337 3010; x_wconf 73' lang='grc' dir='ltr'><strong><em>γὰρ</em></strong></span> <span class='ocrx_word' id='word_1_234' title='bbox 373 2927 405 2989; x_wconf 75' lang='grc' dir='ltr'><strong>ἒν</strong></span> <span class='ocrx_word' id='word_1_235' title='bbox 439 2922 533 3008; x_wconf 68' lang='lat' dir='ltr'><strong>dudo)</strong></span> <span class='ocrx_word' id='word_1_236' title='bbox 568 2953 585 2991; x_wconf 87' lang='grc' dir='ltr'><strong>ιι</strong></span> <span class='ocrx_word' id='word_1_237' title='bbox 620 2933 673 3008; x_wconf 88' lang='grc'><strong><em>69,</em></strong></span> <span class='ocrx_word' id='word_1_238' title='bbox 705 2927 862 3009; x_wconf 79' lang='grc' dir='ltr'><strong><em>διαμπερὲς</em></strong></span> <span class='ocrx_word' id='word_1_239' title='bbox 894 2926 1130 3008; x_wconf 75' lang='grc' dir='ltr'><strong><em>ἀμφοτέρωθείν)</em></strong></span> <span class='ocrx_word' id='word_1_240' title='bbox 1158 2953 1175 2989; x_wconf 83' lang='grc' dir='ltr'><strong>ιι</strong></span> <span class='ocrx_word' id='word_1_241' title='bbox 1199 2933 1252 3007; x_wconf 88' lang='grc'><strong>88,</strong></span> <span class='ocrx_word' id='word_1_242' title='bbox 1275 2933 1396 2993; x_wconf 80' lang='lat' dir='ltr'><strong>—hae</strong></span> 
     </span>
     <span class='ocr_line' id='line_1_26' title="bbox 154 3023 1397 3110; baseline -0.004 -13"><span class='ocrx_word' id='word_1_243' title='bbox 154 3033 389 3097; x_wconf 77' lang='lat' dir='ltr'><strong>lutestiunculae</strong></span> <span class='ocrx_word' id='word_1_244' title='bbox 419 3033 460 3093; x_wconf 91' lang='lat' dir='ltr'><strong>ad</strong></span> <span class='ocrx_word' id='word_1_245' title='bbox 491 3035 646 3094; x_wconf 84' lang='lat' dir='ltr'><strong>eventum</strong></span> <span class='ocrx_word' id='word_1_246' title='bbox 677 3033 806 3108; x_wconf 87' lang='lat' dir='ltr'><strong>perduci</strong></span> <span class='ocrx_word' id='word_1_247' title='bbox 836 3048 932 3108; x_wconf 90' lang='lat' dir='ltr'><strong>posse</strong></span> <span class='ocrx_word' id='word_1_248' title='bbox 963 3048 1025 3092; x_wconf 90' lang='lat' dir='ltr'><strong>non</strong></span> <span class='ocrx_word' id='word_1_249' title='bbox 1051 3033 1209 3093; x_wconf 89' lang='lat' dir='ltr'><strong>videntur.</strong></span> <span class='ocrx_word' id='word_1_250' title='bbox 1236 3033 1301 3092; x_wconf 90' lang='lat' dir='ltr'><strong>Nos</strong></span> <span class='ocrx_word' id='word_1_251' title='bbox 1325 3023 1397 3110; x_wconf 73' lang='grc' dir='ltr'><strong><em>ἧμιν</em></strong></span> 
     </span>
     <span class='ocr_line' id='line_1_27' title="bbox 155 3122 1396 3212; baseline 0.003 -23"><span class='ocrx_word' id='word_1_252' title='bbox 155 3129 181 3186; x_wconf 86' lang='lat' dir='ltr'><strong>et</strong></span> <span class='ocrx_word' id='word_1_253' title='bbox 197 3122 255 3209; x_wconf 71' lang='lat' dir='ltr'><strong>ipo</strong></span> <span class='ocrx_word' id='word_1_254' title='bbox 276 3136 467 3211; x_wconf 87' lang='lat' dir='ltr'><strong>scripsimus</strong></span> <span class='ocrx_word' id='word_1_255' title='bbox 491 3136 671 3210; x_wconf 89' lang='lat' dir='ltr'><strong>ubicunque</strong></span> <span class='ocrx_word' id='word_1_256' title='bbox 696 3137 823 3196; x_wconf 88' lang='lat' dir='ltr'><strong>sinebat</strong></span> <span class='ocrx_word' id='word_1_257' title='bbox 847 3137 999 3209; x_wconf 88' lang='lat' dir='ltr'><strong>metrum,</strong></span> <span class='ocrx_word' id='word_1_258' title='bbox 1025 3135 1081 3195; x_wconf 88' lang='lat' dir='ltr'><strong>sed</strong></span> <span class='ocrx_word' id='word_1_259' title='bbox 1107 3150 1169 3209; x_wconf 85' lang='grc' dir='ltr'><strong><em>σφι,</em></strong></span> <span class='ocrx_word' id='word_1_260' title='bbox 1200 3131 1396 3212; x_wconf 70' lang='grc' dir='ltr'><strong><em>ἀμφοτέρωθι</em></strong></span> 
     </span>
     <span class='ocr_line' id='line_1_28' title="bbox 156 3224 1398 3311; baseline 0.003 -19"><span class='ocrx_word' id='word_1_261' title='bbox 156 3230 214 3307; x_wconf 83' lang='lat' dir='ltr'><strong>eto.;</strong></span> <span class='ocrx_word' id='word_1_262' title='bbox 233 3237 258 3295; x_wconf 93' lang='lat' dir='ltr'><strong>si</strong></span> <span class='ocrx_word' id='word_1_263' title='bbox 279 3237 352 3310; x_wconf 87' lang='lat' dir='ltr'><strong>quis</strong></span> <span class='ocrx_word' id='word_1_264' title='bbox 374 3240 485 3296; x_wconf 86' lang='lat' dir='ltr'><strong>autem</strong></span> <span class='ocrx_word' id='word_1_265' title='bbox 509 3238 681 3298; x_wconf 87' lang='lat' dir='ltr'><strong>contendat</strong></span> <span class='ocrx_word' id='word_1_266' title='bbox 705 3237 910 3297; x_wconf 89' lang='lat' dir='ltr'><strong>scribendum</strong></span> <span class='ocrx_word' id='word_1_267' title='bbox 934 3237 1032 3308; x_wconf 86' lang='lat' dir='ltr'><strong>igitur</strong></span> <span class='ocrx_word' id='word_1_268' title='bbox 1052 3235 1153 3295; x_wconf 87' lang='lat' dir='ltr'><strong>fuisse</strong></span> <span class='ocrx_word' id='word_1_269' title='bbox 1173 3224 1344 3311; x_wconf 69' lang='lat' dir='ltr'><strong>potiusrlpi</strong></span> <span class='ocrx_word' id='word_1_270' title='bbox 1365 3239 1398 3296; x_wconf 92' lang='lat' dir='ltr'><strong>et</strong></span> 
     </span>
     <span class='ocr_line' id='line_1_29' title="bbox 155 3319 1397 3413; baseline -0.001 -17"><span class='ocrx_word' id='word_1_271' title='bbox 155 3319 203 3405; x_wconf 70' lang='grc' dir='ltr'><strong>ὗν,</strong></span> <span class='ocrx_word' id='word_1_272' title='bbox 229 3351 285 3398; x_wconf 93' lang='lat' dir='ltr'><strong>non</strong></span> <span class='ocrx_word' id='word_1_273' title='bbox 318 3337 497 3398; x_wconf 88' lang='lat' dir='ltr'><strong>oblocuturi</strong></span> <span class='ocrx_word' id='word_1_274' title='bbox 528 3355 660 3413; x_wconf 89' lang='lat' dir='ltr'><strong>sumus;</strong></span> <span class='ocrx_word' id='word_1_275' title='bbox 693 3338 872 3398; x_wconf 89' lang='lat' dir='ltr'><strong>maluimus</strong></span> <span class='ocrx_word' id='word_1_276' title='bbox 895 3339 1006 3397; x_wconf 91' lang='lat' dir='ltr'><strong>tamen</strong></span> <span class='ocrx_word' id='word_1_277' title='bbox 1031 3338 1146 3396; x_wconf 93' lang='lat' dir='ltr'><strong>horum</strong></span> <span class='ocrx_word' id='word_1_278' title='bbox 1170 3338 1397 3410; x_wconf 90' lang='lat' dir='ltr'><strong>pronominum</strong></span> 
     </span>
     <span class='ocr_line' id='line_1_30' title="bbox 156 3431 985 3514; baseline 0 -16"><span class='ocrx_word' id='word_1_279' title='bbox 156 3431 266 3501; x_wconf 82' lang='lat' dir='ltr'><strong>formam</strong></span> <span class='ocrx_word' id='word_1_280' title='bbox 288 3440 446 3501; x_wconf 90' lang='lat' dir='ltr'><strong>intactam</strong></span> <span class='ocrx_word' id='word_1_281' title='bbox 470 3455 600 3500; x_wconf 88' lang='lat' dir='ltr'><strong>servare</strong></span> <span class='ocrx_word' id='word_1_282' title='bbox 624 3441 678 3500; x_wconf 91' lang='lat' dir='ltr'><strong>ubi</strong></span> <span class='ocrx_word' id='word_1_283' title='bbox 702 3440 770 3500; x_wconf 86' lang='lat' dir='ltr'><strong>fleri</strong></span> <span class='ocrx_word' id='word_1_284' title='bbox 794 3441 825 3501; x_wconf 88' lang='lat' dir='ltr'><strong>id</strong></span> <span class='ocrx_word' id='word_1_285' title='bbox 849 3440 985 3514; x_wconf 89' lang='lat' dir='ltr'><strong>poterat.</strong></span> 
     </span>
    </p>
   </div>
   <div class='ocr_carea' id='block_1_4' title="bbox 159 3627 1400 4637">
    <p class='ocr_par' dir='ltr' id='par_1_6' title="bbox 191 3627 1167 3715">
     <span class='ocr_line' id='line_1_31' title="bbox 191 3627 1167 3715; baseline -0.001 -13"><span class='ocrx_word' id='word_1_286' title='bbox 191 3627 266 3713; x_wconf 64' lang='lat' dir='ltr'><strong>iil.</strong></span> <span class='ocrx_word' id='word_1_287' title='bbox 299 3643 456 3704; x_wconf 88' lang='lat' dir='ltr'><strong>Litteram</strong></span> <span class='ocrx_word' id='word_1_288' title='bbox 480 3666 510 3715; x_wconf 87' lang='grc' dir='ltr'><strong>-ς</strong></span> <span class='ocrx_word' id='word_1_289' title='bbox 533 3644 567 3703; x_wconf 92' lang='lat' dir='ltr'><strong>in</strong></span> <span class='ocrx_word' id='word_1_290' title='bbox 590 3643 654 3704; x_wconf 89' lang='lat' dir='ltr'><strong>fine</strong></span> <span class='ocrx_word' id='word_1_291' title='bbox 679 3643 832 3703; x_wconf 89' lang='lat' dir='ltr'><strong>mobilem</strong></span> <span class='ocrx_word' id='word_1_292' title='bbox 857 3644 976 3703; x_wconf 90' lang='lat' dir='ltr'><strong>habent</strong></span> <span class='ocrx_word' id='word_1_293' title='bbox 1000 3643 1167 3703; x_wconf 88' lang='lat' dir='ltr'><strong>adverbia:</strong></span> 
     </span>
    </p>

    <p class='ocr_par' dir='ltr' id='par_1_7' title="bbox 194 3734 975 3822">
     <span class='ocr_line' id='line_1_32' title="bbox 194 3734 975 3822; baseline -0.004 -14"><span class='ocrx_word' id='word_1_294' title='bbox 194 3739 216 3808; x_wconf 77' lang='lat' dir='ltr'><strong>l)</strong></span> <span class='ocrx_word' id='word_1_295' title='bbox 234 3734 365 3816; x_wconf 65' lang='grc' dir='ltr'><strong><em>πσίλιίιιις</em></strong></span> <span class='ocrx_word' id='word_1_296' title='bbox 391 3745 417 3805; x_wconf 83' lang='grc' dir='ltr'><strong><em>Θ</em></strong></span> <span class='ocrx_word' id='word_1_297' title='bbox 440 3746 503 3807; x_wconf 83' lang='grc'><strong>362</strong></span> <span class='ocrx_word' id='word_1_298' title='bbox 528 3748 600 3822; x_wconf 64' lang='lat' dir='ltr'><strong>etc„</strong></span> <span class='ocrx_word' id='word_1_299' title='bbox 625 3734 750 3804; x_wconf 74' lang='lat' dir='ltr'><strong>nottd&#39;mt</strong></span> <span class='ocrx_word' id='word_1_300' title='bbox 775 3750 803 3804; x_wconf 82' lang='lat' dir='ltr'><em>A</em></span> <span class='ocrx_word' id='word_1_301' title='bbox 827 3748 890 3805; x_wconf 83' lang='lat'><strong>396</strong></span> <span class='ocrx_word' id='word_1_302' title='bbox 915 3747 975 3805; x_wconf 79' lang='lat' dir='ltr'><strong>ete.</strong></span> 
     </span>
    </p>

    <p class='ocr_par' dir='ltr' id='par_1_8' title="bbox 159 3834 1399 4314">
     <span class='ocr_line' id='line_1_33' title="bbox 194 3834 1397 3920; baseline 0.003 -23"><span class='ocrx_word' id='word_1_303' title='bbox 194 3838 217 3909; x_wconf 83' lang='lat' dir='ltr'><strong>l)</strong></span> <span class='ocrx_word' id='word_1_304' title='bbox 235 3834 329 3905; x_wconf 70' lang='lat' dir='ltr'><strong>tortu</strong></span> <span class='ocrx_word' id='word_1_305' title='bbox 353 3878 397 3887; x_wconf 92' lang='lat'>—</span> <span class='ocrx_word' id='word_1_306' title='bbox 420 3836 539 3905; x_wconf 69' lang='lat' dir='ltr'><strong>roootm</strong></span> <span class='ocrx_word' id='word_1_307' title='bbox 565 3848 594 3905; x_wconf 84' lang='grc' dir='ltr'><em>Φ</em></span> <span class='ocrx_word' id='word_1_308' title='bbox 618 3849 681 3907; x_wconf 81' lang='grc'><strong>265</strong></span> <span class='ocrx_word' id='word_1_309' title='bbox 706 3863 753 3920; x_wconf 90' lang='lat' dir='ltr'><strong>sq.</strong></span> <span class='ocrx_word' id='word_1_310' title='bbox 780 3848 811 3904; x_wconf 87' lang='lat' dir='ltr'><em>X</em></span> <span class='ocrx_word' id='word_1_311' title='bbox 834 3847 895 3905; x_wconf 87' lang='lat'><strong>194</strong></span> <span class='ocrx_word' id='word_1_312' title='bbox 922 3860 969 3919; x_wconf 92' lang='lat' dir='ltr'><strong>sq.</strong></span> <span class='ocrx_word' id='word_1_313' title='bbox 994 3848 1010 3904; x_wconf 87' lang='lat' dir='ltr'><strong>t</strong></span> <span class='ocrx_word' id='word_1_314' title='bbox 1035 3846 1097 3904; x_wconf 88' lang='grc'><strong>585</strong></span> <span class='ocrx_word' id='word_1_315' title='bbox 1123 3859 1188 3918; x_wconf 88' lang='lat' dir='ltr'><strong>sq.;</strong></span> <span class='ocrx_word' id='word_1_316' title='bbox 1217 3843 1340 3902; x_wconf 88' lang='lat' dir='ltr'><strong>formae</strong></span> <span class='ocrx_word' id='word_1_317' title='bbox 1365 3843 1397 3901; x_wconf 91' lang='lat' dir='ltr'><strong>in</strong></span> 
     </span>
     <span class='ocr_line' id='line_1_34' title="bbox 159 3944 1396 4024; baseline -0.003 -16"><span class='ocrx_word' id='word_1_318' title='bbox 159 3956 205 4008; x_wconf 61' lang='lat' dir='ltr'><strong>‘us</strong></span> <span class='ocrx_word' id='word_1_319' title='bbox 228 3957 379 4020; x_wconf 88' lang='lat' dir='ltr'><strong>nusquam</strong></span> <span class='ocrx_word' id='word_1_320' title='bbox 401 3948 615 4024; x_wconf 85' lang='lat' dir='ltr'><strong>reperiuntur,</strong></span> <span class='ocrx_word' id='word_1_321' title='bbox 639 3949 671 4008; x_wconf 93' lang='lat' dir='ltr'><strong>id</strong></span> <span class='ocrx_word' id='word_1_322' title='bbox 696 3949 779 4021; x_wconf 91' lang='lat' dir='ltr'><strong>quod</strong></span> <span class='ocrx_word' id='word_1_323' title='bbox 810 3948 900 4008; x_wconf 91' lang='lat' dir='ltr'><strong>casui</strong></span> <span class='ocrx_word' id='word_1_324' title='bbox 924 3949 1034 4007; x_wconf 88' lang='lat' dir='ltr'><strong>tamen</strong></span> <span class='ocrx_word' id='word_1_325' title='bbox 1059 3961 1155 4005; x_wconf 89' lang='lat' dir='ltr'><strong>nemo</strong></span> <span class='ocrx_word' id='word_1_326' title='bbox 1179 3960 1242 4004; x_wconf 91' lang='lat' dir='ltr'><strong>non</strong></span> <span class='ocrx_word' id='word_1_327' title='bbox 1267 3944 1396 4004; x_wconf 90' lang='lat' dir='ltr'><strong>tribuet.</strong></span> 
     </span>
     <span class='ocr_line' id='line_1_35' title="bbox 160 4035 1397 4125; baseline 0.001 -19"><span class='ocrx_word' id='word_1_328' title='bbox 160 4035 224 4100; x_wconf 71' lang='lat' dir='ltr'><strong>Iri</strong></span> <span class='ocrx_word' id='word_1_329' title='bbox 248 4047 305 4109; x_wconf 86' lang='grc'><strong>586</strong></span> <span class='ocrx_word' id='word_1_330' title='bbox 336 4048 465 4110; x_wconf 88' lang='lat' dir='ltr'><strong>eliditur</strong></span> <span class='ocrx_word' id='word_1_331' title='bbox 498 4049 624 4123; x_wconf 86' lang='lat' dir='ltr'><strong>syllaba</strong></span> <span class='ocrx_word' id='word_1_332' title='bbox 658 4049 777 4124; x_wconf 84' lang='lat' dir='ltr'><strong>finalis,</strong></span> <span class='ocrx_word' id='word_1_333' title='bbox 810 4042 921 4125; x_wconf 81' lang='grc' dir='ltr'><strong><em>τοσσάχ’</em></strong></span> <span class='ocrx_word' id='word_1_334' title='bbox 955 4047 1045 4125; x_wconf 71' lang='grc' dir='ltr'><strong><em>ὕδωρ.</em></strong></span> <span class='ocrx_word' id='word_1_335' title='bbox 1077 4048 1168 4106; x_wconf 87' lang='lat' dir='ltr'><strong>Alias</strong></span> <span class='ocrx_word' id='word_1_336' title='bbox 1199 4046 1272 4120; x_wconf 90' lang='lat' dir='ltr'><strong>post</strong></span> <span class='ocrx_word' id='word_1_337' title='bbox 1298 4046 1397 4106; x_wconf 89' lang='lat' dir='ltr'><strong>abiec-</strong></span> 
     </span>
     <span class='ocr_line' id='line_1_36' title="bbox 160 4139 1399 4226; baseline -0.001 -18"><span class='ocrx_word' id='word_1_338' title='bbox 160 4139 215 4202; x_wconf 66' lang='lat' dir='ltr'><strong>tam</strong></span> <span class='ocrx_word' id='word_1_339' title='bbox 231 4144 363 4211; x_wconf 85' lang='lat' dir='ltr'><strong>litteram</strong></span> <span class='ocrx_word' id='word_1_340' title='bbox 386 4151 489 4225; x_wconf 68' lang='lat' dir='ltr'><strong>sicma</strong></span> <span class='ocrx_word' id='word_1_341' title='bbox 513 4166 576 4211; x_wconf 93' lang='lat' dir='ltr'><strong>non</strong></span> <span class='ocrx_word' id='word_1_342' title='bbox 600 4150 784 4210; x_wconf 88' lang='lat' dir='ltr'><strong>admittitur</strong></span> <span class='ocrx_word' id='word_1_343' title='bbox 807 4150 908 4226; x_wconf 82' lang='lat' dir='ltr'><strong>elisio,</strong></span> <span class='ocrx_word' id='word_1_344' title='bbox 934 4165 1016 4221; x_wconf 89' lang='lat' dir='ltr'><strong>quae</strong></span> <span class='ocrx_word' id='word_1_345' title='bbox 1039 4149 1246 4222; x_wconf 85' lang='lat' dir='ltr'><strong>perfrequens</strong></span> <span class='ocrx_word' id='word_1_346' title='bbox 1271 4149 1321 4206; x_wconf 89' lang='lat' dir='ltr'><strong>est</strong></span> <span class='ocrx_word' id='word_1_347' title='bbox 1345 4148 1399 4207; x_wconf 92' lang='lat' dir='ltr'><strong>ubi</strong></span> 
     </span>
     <span class='ocr_line' id='line_1_37' title="bbox 162 4239 354 4314; baseline 0.078 -15"><span class='ocrx_word' id='word_1_348' title='bbox 162 4239 292 4310; x_wconf 79' lang='lat' dir='ltr'><strong>intercidit</strong></span> <span class='ocrx_word' id='word_1_349' title='bbox 312 4275 354 4314; x_wconf 87' lang='grc' dir='ltr'><strong>-ν.</strong></span> 
     </span>
    </p>

    <p class='ocr_par' dir='ltr' id='par_1_9' title="bbox 197 4347 1084 4432">
     <span class='ocr_line' id='line_1_38' title="bbox 197 4347 1084 4432; baseline -0.006 -17"><span class='ocrx_word' id='word_1_350' title='bbox 197 4347 221 4415; x_wconf 75' lang='lat' dir='ltr'><strong>b</strong></span> <span class='ocrx_word' id='word_1_351' title='bbox 239 4347 351 4432; x_wconf 64' lang='grc' dir='ltr'><strong><em>ιιρεμις</em></strong></span> <span class='ocrx_word' id='word_1_352' title='bbox 377 4357 402 4414; x_wconf 83' lang='lat' dir='ltr'><strong>r</strong></span> <span class='ocrx_word' id='word_1_353' title='bbox 426 4356 490 4414; x_wconf 83' lang='lat'><strong>200</strong></span> <span class='ocrx_word' id='word_1_354' title='bbox 514 4358 586 4430; x_wconf 72' lang='lat' dir='ltr'><strong>eta,</strong></span> <span class='ocrx_word' id='word_1_355' title='bbox 611 4349 721 4432; x_wconf 68' lang='grc' dir='ltr'><strong><em>ιερεμι</em></strong></span> <span class='ocrx_word' id='word_1_356' title='bbox 746 4354 772 4413; x_wconf 93' lang='lat' dir='ltr'><strong>o</strong></span> <span class='ocrx_word' id='word_1_357' title='bbox 797 4354 871 4414; x_wconf 83' lang='lat' dir='ltr'><strong>ers.</strong></span> <span class='ocrx_word' id='word_1_358' title='bbox 898 4354 943 4413; x_wconf 82' lang='lat' dir='ltr'><strong>of.</strong></span> <span class='ocrx_word' id='word_1_359' title='bbox 968 4354 985 4421; x_wconf 74' lang='lat' dir='ltr'><strong>s</strong></span> <span class='ocrx_word' id='word_1_360' title='bbox 1010 4352 1084 4411; x_wconf 80' lang='lat'>320.</span> 
     </span>
    </p>

    <p class='ocr_par' dir='ltr' id='par_1_10' title="bbox 162 4447 1400 4637">
     <span class='ocr_line' id='line_1_39' title="bbox 197 4447 1400 4534; baseline -0.003 -19"><span class='ocrx_word' id='word_1_361' title='bbox 197 4448 221 4515; x_wconf 75' lang='grc'><strong>4)</strong></span> <span class='ocrx_word' id='word_1_362' title='bbox 239 4448 363 4534; x_wconf 72' lang='grc' dir='ltr'><strong><em>ἄντικρυς</em></strong></span> <span class='ocrx_word' id='word_1_363' title='bbox 395 4457 424 4512; x_wconf 81' lang='lat' dir='ltr'>F</span> <span class='ocrx_word' id='word_1_364' title='bbox 451 4457 513 4516; x_wconf 87' lang='grc'><strong>359</strong></span> <span class='ocrx_word' id='word_1_365' title='bbox 547 4460 607 4517; x_wconf 88' lang='lat' dir='ltr'><strong>etc.</strong></span> <span class='ocrx_word' id='word_1_366' title='bbox 633 4456 735 4515; x_wconf 92' lang='lat' dir='ltr'><strong>—In</strong></span> <span class='ocrx_word' id='word_1_367' title='bbox 767 4457 860 4515; x_wconf 84' lang='lat' dir='ltr'><strong>textu</strong></span> <span class='ocrx_word' id='word_1_368' title='bbox 889 4456 1007 4514; x_wconf 90' lang='lat' dir='ltr'><strong>tradito</strong></span> <span class='ocrx_word' id='word_1_369' title='bbox 1031 4468 1095 4512; x_wconf 91' lang='lat' dir='ltr'><strong>non</strong></span> <span class='ocrx_word' id='word_1_370' title='bbox 1121 4447 1259 4529; x_wconf 73' lang='grc' dir='ltr'><strong><em>ἄντικρυς</em></strong></span> <span class='ocrx_word' id='word_1_371' title='bbox 1282 4451 1400 4524; x_wconf 80' lang='lat' dir='ltr'><strong>legitur</strong></span> 
     </span>
     <span class='ocr_line' id='line_1_40' title="bbox 162 4548 1400 4637; baseline -0.001 -24"><span class='ocrx_word' id='word_1_372' title='bbox 162 4548 208 4608; x_wconf 66' lang='lat' dir='ltr'><strong>sed</strong></span> <span class='ocrx_word' id='word_1_373' title='bbox 226 4548 341 4637; x_wconf 74' lang='grc' dir='ltr'><strong><em>ἀντικρῢ,</em></strong></span> <span class='ocrx_word' id='word_1_374' title='bbox 362 4557 565 4618; x_wconf 89' lang='lat' dir='ltr'><strong>Herodianus</strong></span> <span class='ocrx_word' id='word_1_375' title='bbox 589 4560 699 4618; x_wconf 88' lang='lat' dir='ltr'><strong>autern</strong></span> <span class='ocrx_word' id='word_1_376' title='bbox 721 4559 753 4617; x_wconf 90' lang='lat' dir='ltr'><strong>in</strong></span> <span class='ocrx_word' id='word_1_377' title='bbox 773 4557 871 4617; x_wconf 88' lang='lat' dir='ltr'><strong>schol.</strong></span> <span class='ocrx_word' id='word_1_378' title='bbox 894 4557 934 4616; x_wconf 90' lang='lat' dir='ltr'><strong>ad</strong></span> <span class='ocrx_word' id='word_1_379' title='bbox 956 4558 984 4613; x_wconf 82' lang='grc' dir='ltr'>Ε</span> <span class='ocrx_word' id='word_1_380' title='bbox 1006 4556 1069 4614; x_wconf 82' lang='grc'><strong>100</strong></span> <span class='ocrx_word' id='word_1_381' title='bbox 1090 4555 1182 4614; x_wconf 89' lang='lat' dir='ltr'><strong>docet</strong></span> <span class='ocrx_word' id='word_1_382' title='bbox 1203 4553 1283 4613; x_wconf 89' lang='lat' dir='ltr'><strong>duas</strong></span> <span class='ocrx_word' id='word_1_383' title='bbox 1303 4555 1400 4614; x_wconf 89' lang='lat' dir='ltr'><strong>huius</strong></span> 
     </span>
    </p>
   </div>
   <div class='ocr_carea' id='block_1_5' title="bbox 0 0 1583 5124">
    <p class='ocr_par' dir='ltr' id='par_1_11' title="bbox 0 0 1583 5124">
     <span class='ocr_line' id='line_1_41' title="bbox 0 0 1583 5124; baseline 0 0"><span class='ocrx_word' id='word_1_384' title='bbox 0 0 1583 5124; x_wconf 95' lang='lat' dir='ltr'><strong> </strong></span> 
     </span>
    </p>
   </div>
  </div>
 </body>
</html>
