3120 5124
754 421 818 479 556
1304 418 1333 490 [§
1355 419 1407 479 325

191 604 353 666 Particuia
393 602 447 684 ἠδέ
488 606 589 666 etiam
623 621 687 666 non
722 606 932 681 praecedente
968 605 1161 666 correlativa
1196 604 1410 688 coniunctione

145 702 220 783 ἡμῖν
251 723 347 782 saepe
377 710 535 784 usurpata
565 710 625 769 ost.
659 708 862 771 Contrarium
890 723 967 769 vero
990 722 1053 768 non
1077 707 1212 785 obtinet,
1237 722 1317 768 nam
1342 705 1412 766 locis

146 808 252 881 qualis
275 810 326 870 θεῖ
345 812 375 867 Α
395 812 434 871 77
459 810 593 872 voculae
616 801 635 887 ἦ
660 811 693 871 θῖ
716 806 769 887 μέν
793 811 969 886 separatim
992 811 1071 871 sunt
1093 810 1301 871 scribendae:
1324 798 1344 886 ἦ
1367 804 1411 885 μέν

146 929 196 985 μοι
218 907 545 990 πρόφρων...ἄρήξειν
569 911 619 982 (cf.
643 894 663 987 ξ
691 911 730 971 18
753 926 825 986 pag.
850 914 913 981 89).

192 1012 324 1074 Brevior
343 1013 448 1075 forma
467 1011 543 1086 iiiiii
563 1030 627 1075 non
647 1030 720 1076 rara
733 1016 784 1075 ost
806 1015 839 1074 in
863 1015 1060 1076 carminibus
1083 1013 1199 1088 epicis,
1223 1027 1289 1073 non
1310 1013 1412 1071 tamen

144 1113 265 1174 talibus
296 1115 376 1176 locis
405 1115 460 1176 ubl
490 1117 653 1190 praecedit
683 1112 757 1194 ἠμέν
780 1118 955 1191 usurpatur
977 1130 1081 1189 neque
1105 1115 1239 1175 cuilibet
1263 1127 1411 1174 versuum

145 1216 214 1276 sedi
241 1217 318 1291 apta
339 1219 400 1293 est,
424 1216 481 1278 sed
504 1218 712 1293 paucissimis
735 1218 883 1279 versibus
908 1214 937 1282 Ξ
958 1220 1019 1279 175
1042 1220 1073 1274 Σ
1094 1217 1159 1278 589
1186 1216 1288 1276 Τ285
1314 1218 1412 1290 (spur.)

147 1317 291 1392 exceptis
313 1316 333 1389 'i
367 1322 441 1394 post
474 1335 644 1380 caesuram
678 1321 808 1380 tantum
843 1319 952 1379 locum
982 1319 1089 1379 babet.
1126 1318 1210 1379 Hinc
1242 1317 1359 1392 sponte
1386 1316 1413 1375 ui

146 1417 240 1479 fallor
258 1420 441 1494 suspicetur
460 1421 604 1496 quilibet,
624 1420 750 1495 priscae
769 1421 850 1481 artis
869 1421 921 1480 hic
934 1435 1086 1495 apparere
1100 1419 1257 1494 vestigia;
1270 1417 1414 1493 primitus

145 1521 243 1598 enim,
274 1536 350 1583 cum
373 1537 491 1597 anceps
514 1523 603 1583 esset
625 1521 752 1596 syllaba
774 1537 946 1583 caesuram
969 1522 1132 1596 excipiens
1157 1521 1233 1592 (vid.
1260 1535 1332 1595 pag.
1359 1520 1412 1592 11),

144 1621 275 1696 plenam
293 1623 434 1684 formam
448 1619 502 1701 ἠδέ
513 1623 613 1685 etiam
626 1624 700 1698 post
711 1638 881 1684 caesuram
893 1623 1085 1684 femininam
1100 1623 1202 1684 fuisse
1215 1622 1412 1693 collocatam,

144 1723 199 1795 qui
226 1722 316 1784 locus
337 1724 505 1798 particulis
527 1725 752 1801 copulantibus
776 1725 967 1800 aptissimus
992 1727 1060 1800 est;
1085 1726 1199 1800 postea
1222 1739 1300 1785 vero
1324 1723 1413 1784 metri

144 1839 244 1884 causa
262 1839 335 1886 esse
355 1827 536 1901 correptam
555 1827 716 1901 syllabam
737 1826 886 1902 priorem,
907 1842 948 1887 ne
970 1827 1106 1887 vitiosus
1119 1826 1414 1899 videreturversus,

143 1924 176 1985 id
195 1925 280 1999 quod
299 1926 332 1986 in
351 1927 510 2000 particula
528 1930 721 2004 praesertim
740 1928 879 2004 pondere
899 1929 1022 1989 carenti
1042 1928 1112 1990 fleri
1123 1928 1218 1989 facile
1234 1928 1351 2003 potuit,
1363 1927 1414 1985 vir

145 2027 256 2086 autem
287 2027 438 2088 audacior
468 2031 520 2090 est
545 2030 689 2104 syllabae
713 2026 746 2107 ἠ-
770 2030 927 2105 correptio
958 2045 1056 2104 quam
1079 2029 1225 2115 syllabae
1249 2027 1312 2107 μήν
1335 2033 1414 2098 (nam

144 2125 198 2204 μέν
217 2128 297 2188 nihil
317 2131 368 2189 est
386 2130 449 2189 nisi
469 2131 601 2191 voculae
621 2130 681 2208 μήν
701 2131 806 2192 forma
825 2131 968 2205 debilior,
990 2131 1053 2192 vid.
1074 2145 1145 2206 pag.
1167 2130 1210 2192 89
1229 2133 1264 2190 et
1283 2131 1301 2201 ἓ
1322 2125 1414 2197 328⁵).

144 2230 180 2290 ld
211 2244 313 2290 unum
345 2233 448 2292 restat
474 2232 609 2293 dubium
631 2248 689 2293 cur
714 2229 759 2292 ἰδέ
782 2233 923 2294 dixerint
945 2234 1149 2308 posteriores
1173 2247 1238 2292 non
1262 2227 1319 2291 iot.
1343 2230 1414 2307 Quo·

144 2333 254 2393 minus
274 2335 386 2394 tamen
405 2332 619 2394 sollicitemus
635 2335 766 2395 textum
778 2335 935 2394 traditum
946 2335 1096 2410 prohibet
1104 2335 1264 2395 dialectos
1278 2332 1416 2408 cyprico,

143 2434 177 2493 in
208 2450 272 2509 qua
303 2433 496 2511 particulam
527 2431 571 2494 ἰδέ
601 2438 627 2495 ei
665 2436 788 2497 vixisse
819 2437 983 2496 testantur
1013 2436 1250 2510 inscriptiones.
1276 2434 1323 2496 cf.
1349 2433 1419 2494 Fici

148 2535 238 2596 iliad.
262 2551 292 2611 p.
318 2538 391 2597 395.

190 2637 360 2699 Manifesto
392 2652 498 2698 erroro
521 2633 590 2696 fadi
612 2653 669 2713 pro
693 2635 737 2697 ἰδέ
760 2639 856 2699 scribi
879 2638 1045 2699 iusserunt
1068 2638 1182 2712 Heyne
1205 2637 1336 2698 Beklrer
1358 2636 1419 2697 alii.

189 2828 352 2889 Particula
384 2848 413 2886 τε
444 2827 545 2888 etiam
568 2828 670 2889 semel
694 2829 836 2890 adhiberi
860 2831 968 2904 potest
991 2829 1024 2889 in
1049 2827 1188 2889 dictione
1212 2829 1314 2904 spica,
1340 2844 1368 2888 θ.
1391 2842 1419 2901 g.

145 2933 174 2988 A
198 2932 216 2989 t
240 2928 379 2988 κύνεσσιν
399 2928 534 2989 οἰωνοῖσί
550 2951 580 2989 τε
599 2938 679 2988 πᾶσι.
698 2930 769 2990 Non
789 2932 900 2991 tamen
921 2932 968 2991 ita
985 2931 1161 3006 usurpatur
1180 2932 1218 2990 ut
1239 2929 1281 2990 ad
1301 2945 1421 2991 novum

145 3031 353 3092 enunciatum
384 3032 476 3105 paret
499 3031 693 3106 transitum
718 3032 772 3104 qui
797 3033 974 3106 particulae
997 3053 1025 3091 τε
1049 3047 1129 3091 usus
1152 3033 1226 3105 post
1249 3031 1422 3092 Homerica

144 3134 277 3194 demum
307 3135 454 3207 tempora
484 3133 631 3194 invaluit.
655 3136 692 3194 ln
717 3134 807 3208 epioe
830 3134 968 3195 dictione
991 3135 1180 3209 plerumque
1205 3134 1340 3193 nominc
1364 3134 1422 3193 bac

143 3233 303 3309 particula
336 3234 537 3312 copulantur,
572 3236 736 3295 nonnullis
770 3239 882 3297 autom
915 3235 995 3296 locis
1030 3235 1128 3296 verba
1161 3235 1336 3296 simillima
1373 3224 1424 3294 vel

143 3337 288 3397 actiones
321 3337 509 3397 coniunctas
543 3336 719 3398 indicantia
751 3339 791 3406 (A
822 3339 863 3398 37
896 3352 944 3411 sq.
977 3333 1425 3414 dppzpippnop...favdoea;,

146 3441 175 3497 A
187 3440 251 3499 255
271 3454 319 3513 sq.
338 3437 473 3518 γηθήσαι
486 3436 717 3518 ...κεχαροίατο,
730 3442 759 3496 Α
771 3439 836 3498 459
848 3453 897 3512 sq.
910 3435 1027 3516 ἔδειραν
1091 3433 1241 3515 ἐξέταμον,
1253 3441 1285 3497 Λ
1299 3439 1363 3498 114
1377 3453 1422 3510 su.

146 3535 291 3611 συνὲἓαξε
357 3530 426 3618 ἦτορ
449 3536 576 3618 datico,
598 3556 616 3599 o
640 3541 704 3601 356
728 3530 799 3617 ἦ...
812 3536 1027 3618 προσέὶειπεν).

190 3641 300 3715 Neque
320 3643 412 3703 deest
430 3640 663 3716 particularum
682 3663 712 3701 τε
726 3639 837 3718 ...καῖ
855 3662 885 3700 τε
904 3638 1007 3719 ...ἠδέ
1018 3637 1083 3713 (ἰδέ)
1095 3641 1256 3703 iunctura.
1270 3641 1425 3704 Alienum

145 3758 220 3802 vero
244 3758 264 3802 a
287 3743 398 3817 lingua
421 3744 594 3806 Homerica
617 3747 668 3806 est
690 3746 846 3806 iteratum
870 3743 923 3802 καί
986 3742 1038 3803 καί
1056 3744 1088 3813 ²).

192 3935 221 3994 2.
247 3931 350 4012 αὐτάρ,
368 3935 402 3994 in
421 3936 507 3996 thesi
526 3926 599 4013 ἃτάρ
620 3934 670 4005 (cf.
684 3933 704 4010 ἓ
720 3935 780 4012 18),
801 3938 842 3996 ai.
863 3934 911 3994 Ex
928 3924 997 3994 αὖτε
1017 3935 1051 3994 et
1063 3929 1121 4011 ἄρα
1145 3934 1174 4004 (5
1194 3930 1283 4004 328¹)
1305 3935 1426 3996 coaluit

147 4036 227 4096 haec
262 4036 430 4113 particula,
465 4037 592 4112 propria
626 4037 724 4110 igitur
755 4038 825 4097 eius
857 4037 907 4096 vis
936 4051 1001 4096 non
1033 4037 1084 4096 est
1115 4035 1336 4111 adversativa,
1369 4036 1426 4096 sed

181 4278 202 4344 ¹)
218 4283 283 4331 Nam
301 4285 325 4328 Γ
339 4283 387 4328 318
407 4276 451 4344 (=
470 4287 495 4327 Η
512 4280 570 4343 177)
588 4287 603 4328 Ι
619 4283 666 4328 lira
685 4282 784 4327 litteras
804 4283 958 4328 ΘΕΟΙΣΙΔΕ
979 4293 1028 4326 non
1047 4286 1111 4335 θεοῖς
1134 4280 1167 4327 iti
1186 4294 1243 4327 osae
1262 4279 1425 4341 distinguen-

147 4360 201 4418 das,
217 4361 287 4421 quod
305 4361 377 4407 luere
395 4360 440 4419 qui
457 4363 587 4421 putarent,
605 4360 651 4407 sed
671 4366 747 4407 θιοῖσι
766 4360 798 4414 δι’,
816 4359 892 4407 docet
908 4361 1052 4406 contextus.

180 4437 200 4500 ¹)
218 4441 273 4488 Non
294 4442 422 4499 repugnat
438 4437 516 4487 lectio
533 4439 628 4486 tradita
644 4440 668 4485 Ω
687 4440 734 4486 641
754 4440 792 4485 nal
811 4443 877 4485 citou
892 4439 1015 4498 ’πασάμην
1033 4440 1071 4485 ml
1088 4440 1181 4485 αἴθοπα
1203 4432 1267 4485 οἶνον
1281 4436 1285 4499 Ι
1301 4443 1427 4500 λαυκανίης

148 4518 261 4578 καθέηκα,
287 4520 358 4578 prius
378 4519 447 4566 euim
473 4523 512 4566 nai
530 4519 566 4565 ibi
584 4516 621 4564 vel
637 4519 778 4578 significan
797 4520 911 4565 ceterum
929 4517 1058 4577 posterius
1075 4519 1113 4564 καὶ
1130 4518 1252 4565 vitiosum
1271 4531 1331 4567 sose
1349 4519 1425 4567 docet

147 4595 233 4644 hiatus
250 4597 293 4656 (oi.
311 4597 325 4656 ἕ
346 4599 376 4645 ll
394 4611 452 4657 pag.
474 4596 525 4657 lt).
