3120 5124
754 435 817 495 eos
1200 436 1231 507 [e
1255 436 1328 510 sss,
1351 436 1398 495 nr

144 623 333 704 κεχᾶρήσεται
362 638 389 700 ψ
413 627 488 700 266,
521 639 586 685 aor.
619 620 740 702 ἔχήρᾶτο
754 617 798 704 (1)
832 619 860 687 Ξ
880 624 944 683 270
965 618 1002 698 ¹),
1030 611 1201 702 'sext'cQovto
1225 644 1302 683 -orro
1323 623 1399 682 clero

145 721 177 809 (ἓ
210 720 324 806 149*³),
358 713 446 804 ἔχᾶρη
477 727 538 787 etc.
570 722 600 802 (ἓ
635 719 748 800 leot),
781 724 859 798 pers.
883 720 1046 802 κεχᾶρηότα
1068 725 1104 782 Η
1123 725 1199 799 312,
1228 721 1397 802 κεχᾶρημὲνοι

145 830 257 903 hymn.
282 829 325 888 VI
352 831 403 903 10,
422 823 596 906 ’κεχάρηντο
620 827 651 887 h.
678 827 746 887 Cer.
770 827 845 887 459.

189 931 302 991 Futuri
332 930 456 991 formae
479 929 575 991 modo
598 928 717 990 allatae
740 921 942 1006 ιεχαρχοὲμεο’
969 943 1062 987 -σειαι
1086 942 1287 1000 quemquem
1311 943 1395 1003 aper·

140 1033 215 1109 fecto
247 1034 347 1107 repeti
378 1035 524 1108 possunt,
554 1046 617 1092 non
644 1031 752 1090 minus
776 1032 887 1090 tamen
911 1032 985 1104 epte
1008 1044 1083 1090 oum
1108 1029 1230 1090 eoristo
1249 1024 1394 1107 ’κεχάροντο

144 1137 205 1195 etc.
241 1137 378 1210 possunt
408 1135 565 1209 componi,
598 1133 661 1194 vid.
687 1131 706 1208 β
734 1134 806 1193 181.
838 1135 875 1193 in
899 1133 996 1192 tertis
1018 1131 1123 1192 forma
1145 1131 1297 1212 χαιρήσειν
1318 1133 1394 1206 stirps

143 1258 208 1315 χαρ,
230 1251 312 1310 qnae
332 1237 363 1295 in
387 1235 528 1310 perfecto
548 1235 741 1307 coristisque
761 1234 793 1293 in
818 1255 891 1310 χαρη
916 1233 1005 1308 abiit,
1019 1248 1108 1294 more
1133 1235 1206 1294 aevi
1230 1234 1392 1296 recentioris

143 1353 264 1398 novam
294 1337 398 1397 induit
429 1336 566 1397 sormam
591 1358 687 1414 χαιρη,
710 1336 750 1396 ed
774 1334 955 1409 praesentis
977 1335 1163 1409 analogiam
1186 1336 1360 1396 formatam.

188 1438 238 1499 Ab
261 1439 375 1498 eadem
404 1438 505 1512 stirpe
528 1437 625 1498 ducta
649 1438 726 1496 sunt
749 1434 832 1514 χάρις
855 1434 1001 1511 (Χάριτες,
1023 1436 1143 1514 χαρίεις)
1168 1440 1201 1497 et
1221 1436 1322 1515 χάρμα.
1340 1437 1391 1496 ler-

143 1541 227 1599 tium
250 1554 368 1600 nomen
391 1539 475 1612 quod
499 1541 562 1598 huc
585 1535 913 1615 161611180161χάρμη
932 1553 1047 1613 puonc
1067 1538 1188 1599 rectius
1207 1539 1241 1599 ni
1264 1539 1348 1600 fallor
1362 1536 1390 1597 sb

143 1641 216 1701 eliis
239 1641 314 1702 hinc
336 1639 479 1700 alienum
502 1640 638 1700 ducitur.

184 1838 303 1921 5283.
334 1840 463 1921 (χραιομ)
496 1858 561 1903 sor.
595 1842 658 1912 (vel
682 1842 919 1917 imperfectum)
947 1839 1082 1920 ἔχραισμε
1104 1845 1166 1905 etc.
1191 1841 1223 1919 (ἓ
1248 1837 1389 1912 1491116

140 1946 282 2005 soristus
310 1944 501 2018 sigmaticus
519 1938 692 2022 ’χραίσμῃσι
716 1945 750 2002 Π
771 1945 845 2018 837,
870 1951 1048 2020 χραισμῆσαι
1070 1947 1102 2002 Λ
1127 1946 1191 2005 120
1215 1947 1246 2002 Σ
1268 1943 1387 2017 62118,

140 2061 279 2120 quocum
304 2046 443 2106 concinit
466 2047 612 2106 futurum
636 2043 808 2124 χραισμήσει
834 2047 862 2102 ’Υ
882 2047 956 2121 296,
980 2039 1203 2124 χραισμησέμεν’
1232 2049 1261 2106 Φ
1283 2048 1338 2107 816
1348 2047 1371 2113 ²).

186 2148 254 2209 Hoc
289 2146 435 2222 verbum,
470 2147 554 2221 quod
588 2147 681 2208 Iliedi
711 2147 876 2221 proprium
908 2149 968 2223 est,
1001 2163 1076 2209 oum
1107 2147 1210 2222 stirpe
1241 2169 1294 2226 χρα
1314 2142 1388 2224 (zoio

141 2256 239 2329 χρῆμα
270 2250 343 2324 etc,
367 2245 387 2324 §
412 2248 512 2317 19011)
544 2250 714 2310 cohaerere
745 2251 851 2324 patet;
882 2249 951 2310 iure
975 2251 1087 2310 eutem
1118 2252 1335 2325 comparatum
1352 2245 1388 2305 est

144 2350 342 2411 adiectivum
375 2347 526 2426 χρήσιμος,
559 2349 641 2423 quod
676 2351 759 2425 apud
791 2349 970 2410 Homerum
1002 2353 1114 2411 temen
1145 2365 1211 2411 non
1245 2348 1387 2416 invenitur,

143 2467 247 2525 neque
271 2449 474 2524 metathesis,
498 2464 562 2523 qua
585 2466 627 2511 ex
649 2466 756 2529 χρησιμ
775 2452 890 2511 netum
914 2452 958 2512 sit
980 2467 1220 2530 χρχισμχραισμ,
1241 2467 1319 2526 ques
1337 2461 1386 2509 osu·

142 2568 197 2613 sas
232 2553 350 2613 habere
382 2551 523 2625 potuerit
553 2552 713 2625 intellego.
743 2552 967 2627 Repetendum
991 2554 1119 2615 videtur
1145 2554 1255 2630 potius
1276 2570 1296 2615 a
1316 2548 1386 2612 verto

142 2653 313 2714 Homerico
336 2651 452 2729 χρηίζω,
474 2653 559 2713 unde
581 2668 700 2714 nomen
723 2653 851 2714 verbale
879 2652 1019 2732 χρηϊσμός
1042 2655 1156 2716 deduci
1179 2656 1294 2730 potuit,
1314 2651 1386 2713 nutu

142 2755 254 2815 eutem
277 2753 376 2828 stirpe
400 2753 554 2815 facillime
576 2756 609 2815 in
632 2758 774 2834 χραισμ(ε)
797 2757 902 2831 potuit
924 2757 1022 2818 abire.

187 2951 308 3035 5284.
337 2955 506 3016 Elemento
535 2979 553 3015 ν
584 2961 644 3034 (ιο,
666 2960 715 3027 να)
746 2959 926 3032 praesentis
960 2960 1096 3035 stirpem
1130 2962 1264 3021 anetem
1292 2951 1387 3019 halent

144 3058 242 3119 verba
264 3058 449 3131 sequentia:

190 3237 218 3296 1.
250 3231 309 3313 (ἀρ)
339 3232 506 3314 ἀρνῢμενος
536 3257 594 3294 -νω
625 3257 688 3294 -νοι
718 3239 747 3294 Α
772 3236 834 3296 159
866 3238 895 3294 E
918 3238 981 3298 553
1014 3239 1039 3295 Z
1063 3239 1127 3297 446
1152 3260 1172 3296 α
1197 3240 1228 3313 5,
1256 3234 1389 3314 ἀρνύσθην

143 3332 230 3414 (ι’χρο.)
256 3337 285 3394 Χ
309 3338 389 3412 160;
413 3352 479 3398 eor.
504 3334 621 3414 ἀρόμην
643 3333 728 3413 ἤρετο
753 3339 813 3398 etc.
837 3337 866 3408 (8
892 3338 1001 3407 ileu).
1029 3336 1170 3414 Contere,
1188 3355 1316 3414 parare.

187 3436 329 3497 Verbum
358 3437 567 3499 Homericum
590 3435 721 3516 ἄροῦμαι
752 3441 784 3498 et
815 3439 1002 3499 recentioris
1031 3441 1104 3499 sevi
1136 3440 1271 3500 verbum
1295 3437 1391 3513 αἴρομαι

143 3552 247 3610 neque
280 3538 502 3599 confundendo
536 3540 593 3599 aut
627 3540 841 3612 permutanda
872 3541 958 3614 sunt,
990 3538 1066 3600 licet
1098 3541 1227 3601 veteres
1257 3537 1390 3607 multique

143 3639 360 3698 recentiorum
390 3639 422 3698 id
453 3639 596 3714 fecerint,
629 3654 732 3712 neque
763 3655 804 3700 ex
835 3641 948 3700 eedem
975 3641 1076 3714 stirpe
1099 3643 1178 3701 sunt
1201 3641 1315 3715 ducts;
1333 3644 1390 3697 uam

144 3737 208 3818 αι’ρ-
233 3754 274 3799 ex
305 3736 383 3816 ἀειρ-
409 3741 622 3815 contractum,
646 3740 686 3800 ab
709 3740 851 3801 Homero
874 3742 985 3801 eutem
1008 3741 1088 3802 hoec
1110 3741 1288 3802 contractio
1309 3738 1391 3800 aliens

145 3841 205 3916 est,
230 3839 293 3899 vid.
317 3840 335 3909 5
358 3841 433 3901 266.

191 4041 220 4100 2.
245 4036 347 4111 (ὀ1-εο)
367 4043 429 4102 act.
454 4057 558 4118 prees.
581 4044 663 4118 pert.
689 4036 774 4116 ὀλλΰς
797 4045 829 4115 (1.
854 4060 881 4105 e.
907 4039 1019 4117 ὀλ-νύς)
1043 4047 1104 4106 etc.
1126 4048 1155 4103 Δ
1173 4047 1238 4106 461
1259 4033 1390 4122 (38661

179 4269 199 4336 ¹)
216 4272 305 4320 Nauck
328 4262 434 4333 fflooto
458 4275 515 4322 coll.
541 4296 549 4323 ι
573 4276 630 4322 tte.
655 4276 816 4335 Quemquam
840 4277 972 4336 antiquom
995 4279 1064 4324 certe
1083 4290 1141 4324 esse
1159 4277 1289 4337 vulgatam
1305 4265 1392 4322 commi

146 4351 266 4410 qnoniam
285 4351 377 4398 imitati
394 4356 455 4399 sunt
472 4354 589 4414 Apollon.
609 4352 657 4400 Rh.
676 4354 710 4400 lv
729 4356 769 4415 66,
788 4356 852 4402 1128
871 4359 898 4402 et
915 4355 1042 4403 Leonides
1060 4357 1164 4403 Terent
1181 4358 1261 4417 epigr.
1279 4356 1315 4403 66.

180 4424 199 4490 ²)
217 4431 343 4477 Praesens
367 4433 488 4495 χραιομέω
511 4447 561 4479 non
580 4436 658 4489 extat,
681 4447 740 4480 nem
758 4447 824 4493 quse
843 4435 897 4481 sols
913 4434 964 4482 hnc
981 4435 1071 4482 referri
1089 4438 1176 4496 potest
1193 4435 1274 4483 forms
1289 4426 1389 4498 leoll'f'

146 4522 192 4568 pro
218 4511 306 4556 αοαιο
331 4510 365 4562 Πι
390 4512 517 4559 ususve
539 4511 658 4559 ιοοοασι
680 4515 706 4560 ιι
729 4513 756 4559 rs
782 4514 933 4578 lentulus
955 4515 1042 4574 potrus
1059 4513 1183 4562 αοαιιασι
1200 4517 1241 4562 ιιι
1256 4512 1312 4572 (σο.
1326 4508 1337 4566 t
1352 4494 1389 4549 ¹²⁶

146 4600 204 4648 μσς.
223 4588 272 4634 818
291 4591 317 4635 et
334 4588 349 4647 ἕ
369 4590 416 4636 191
434 4603 493 4650 pag.
511 4587 581 4655 186).
