3120 5124
749 128 812 188 196
1324 125 1352 198 [5
1375 116 1464 186 5

186 311 287 396 fite.
319 314 507 376 Genitivum
540 314 700 388 pluralem
735 315 846 376 omnia
880 315 1014 375 nomina
1047 315 1146 375 buius
1180 308 1464 375 docunationw

144 418 245 479 etiam
274 414 434 477 adiectiva
464 414 654 489 pronomina
683 415 853 490 participia
875 415 1023 477 feminini
1045 415 1184 493 generis,
1207 414 1241 476 in
1263 405 1344 475 -ἁων
1366 415 1464 475 oxs

144 520 327 581 currentem
359 516 488 578 habent.
518 515 553 576 ll.
575 531 605 590 g.
631 508 789 593 Ἀθηνέων
820 508 928 596 έερὰων
958 519 1075 593 1323,
1098 507 1251 597 καρειοέων
1275 507 1423 575 amram

144 624 174 679 Σ
198 621 271 695 123,
301 609 428 697 θυράων
458 608 627 696 ἡμετερὰων
659 617 691 675 Ω
715 620 777 678 567
810 618 861 689 (cf.
894 641 905 678 ι
929 620 1015 695 304),
1046 610 1125 679 τᾶων
1155 608 1283 677 maduo
1313 619 1333 676 1
1354 615 1414 678 330

145 726 173 792 (e
197 721 413 790 correctione).
445 719 611 793 syllabam
636 741 683 777 -α-
706 736 770 781 non
794 721 902 781 solum
925 721 959 781 in
982 721 1048 783 arsi
1070 721 1127 782 sed
1150 720 1253 782 etiam
1276 719 1309 779 in
1333 717 1411 780 thesi

145 824 275 899 produci
306 837 381 882 cum
412 822 491 882 baec
522 822 672 896 exempla
695 823 811 920 docent
832 824 904 883 tum
928 824 993 884 alia
1016 823 1121 885 multa
1144 824 1185 894 (A
1208 822 1274 884 604
1297 822 1334 880 Η
1354 820 1411 882 340

38 904 42 910 ’
145 927 248 986 τινα
272 925 355 993 αα).

190 1026 251 1086 Hic
280 1024 346 1084 illic
379 1039 444 1084 non
478 1015 556 1085 -ἁων
585 1027 744 1101 reperitur
774 1028 831 1089 sed
863 1023 936 1086 -έων
969 1027 1020 1088 vel
1052 1035 1120 1104 -ων,
1150 1028 1297 1101 correpta
1319 1025 1416 1100 igitur

146 1142 235 1188 more
268 1126 355 1187 Iadis
390 1125 516 1199 syllaba
545 1128 755 1202 paenultima.
791 1128 909 1204 Quales
940 1129 1002 1190 loci
1033 1143 1167 1202 gravem
1199 1126 1417 1201 suspicionem

144 1244 209 1291 non
241 1227 411 1289 moverent
439 1225 469 1287 si
499 1229 546 1288 ita
577 1231 687 1289 essent
717 1230 895 1304 comparati
921 1232 959 1290 ut
981 1232 1119 1303 utraque
1142 1228 1270 1304 syllaba
1291 1242 1417 1302 separa·

145 1332 207 1391 tim
238 1331 326 1390 esset
358 1329 614 1406 pronuncianda;
638 1331 686 1391 sic
717 1331 805 1391 enim
828 1331 995 1406 provocari
1017 1332 1129 1406 posset
1150 1330 1192 1391 ad
1214 1344 1255 1390 ea
1277 1344 1364 1403 quae
1384 1329 1418 1389 in

145 1432 217 1501 §17
241 1431 413 1492 observata
432 1434 517 1492 sunt.
543 1433 604 1493 Sed
627 1433 778 1494 omnibus
797 1434 864 1494 fere
883 1433 963 1495 leole
983 1433 1110 1507 syllaba
1127 1432 1332 1508 paenultima
1355 1447 1421 1493 non

142 1533 250 1593 solum
280 1534 425 1607 correpta
456 1534 507 1594 est
538 1535 595 1595 sed
626 1537 794 1609 praeterea
823 1534 966 1608 synizesi
988 1535 1041 1595 vel
1064 1534 1283 1595 contractione
1306 1534 1420 1594 obscu-

142 1637 244 1712 ratur,
260 1635 308 1695 ita
327 1635 365 1695 ut
387 1635 514 1694 numeri
538 1635 682 1697 oriantur
702 1651 817 1710 pamm
839 1635 1020 1710 Homerioi;
1041 1637 1105 1697 vid.
1125 1636 1143 1705 ἓ
1164 1635 1194 1695 8.
1218 1634 1423 1711 Quapropter

142 1737 275 1799 dubium
291 1750 356 1795 non
375 1736 426 1795 est
445 1737 522 1808 quin
541 1738 729 1798 recentioris
741 1738 861 1799 aetatis
873 1737 1151 1812 deprehendantur
1163 1736 1304 1811 uestigia
1314 1737 1423 1798 sicubi

143 1838 303 1899 terminus
334 1831 406 1895 -έων
430 1840 627 1913 reperiatur;
653 1840 715 1900 vid.
741 1854 768 1900 e.
792 1854 866 1917 gap
900 1840 961 1899 107
993 1834 1195 1918 καιρουσσέων
1222 1831 1250 1897 δ’
1278 1832 1422 1898 ὀθονέων

143 1937 328 2017 ἀπολείβεται
358 1934 452 2016 ὑγρὸν
479 1937 588 2019 ἔλαιον,
610 1963 628 2000 ιι
652 1942 717 2002 350
740 1940 892 2021 γίγνονται
916 1935 944 1999 δ’
971 1937 1028 2020 ἄρα
1051 1932 1144 2019 σοίγ’
1172 1935 1205 1998 ἔνι
1227 1959 1257 1998 τε
1280 1934 1422 2019 κρηνέων

143 2039 202 2101 σἰκό
225 2033 245 2099 ι’
271 2035 384 2100 ἀλσέων
404 2055 549 2115 quaeque
569 2043 610 2104 ad
629 2043 702 2104 iilos
721 2043 810 2104 locos
829 2043 1069 2104 annotavimus.
1091 2040 1285 2116 Corrigenda
1304 2043 1422 2104 autem

143 2145 220 2206 sunt
250 2141 329 2202 talia
359 2143 388 2202 si
419 2145 625 2218 probabiliter
655 2149 792 2220 possunt
822 2146 953 2221 corrigi3
988 2143 1207 2219 compluribus
1237 2142 1320 2204 locis
1351 2143 1422 2218 plu·

143 2246 220 2307 ralis
243 2258 400 2304 numerus
424 2247 548 2321 expulit
571 2247 779 2321 singularem.

186 2347 307 2405 Versus
326 2345 390 2405 huc
409 2348 608 2421 pertinentes
627 2348 756 2410 bisunt
776 2350 827 2421 (cf.
842 2349 949 2410 Christ
967 2347 1086 2423 proleg.
1107 2346 1198 2407 Iliad.
1210 2360 1240 2420 p.
1259 2344 1323 2405 138
1340 2349 1421 2419 sq.):

231 2443 351 2524 θῦρέων
374 2470 398 2522 φ
423 2450 496 2511 191.

232 2542 345 2607 ὁπλέων
369 2553 400 2607 Λ
424 2553 487 2612 536
515 2553 543 2609 Τ
563 2552 636 2612 501.

233 2643 351 2708 ιιῠέέων
372 2650 408 2706 Η
430 2653 445 2711 1
472 2654 513 2710 M
533 2653 597 2712 340
621 2652 698 2714 Hes,
723 2653 810 2714 Scut.
836 2654 910 2714 246.
935 2651 1011 2712 Fick
1034 2651 1171 2713 coniecit
1193 2649 1328 2729 ινέρνων.

234 2742 365 2846 ἀγορέων
390 2752 409 2808 I
429 2753 492 2812 441
518 2752 595 2813 HeS.
620 2752 677 2828 Op.
702 2755 755 2815 30.
780 2755 855 2828 Lag.
881 2750 1015 2832 ’ἀγοραῖα

234 2854 385 2935 Ἀθηνέων
406 2882 424 2938 γ
449 2860 522 2921 278.
548 2861 622 2934 Leg.
648 2859 777 2939 Ἀθήνης
800 2862 872 2923 coll.
897 2884 915 2938 η
940 2861 992 2920 80.

233 2940 367 3041 aruris
390 2987 404 3026 ε
428 2969 479 3028 rr.

234 3061 372 3127 ἁπασέων
394 3073 418 3127 θ
442 3070 516 3130 284.

234 3150 386 3256 &pyroboli
408 3178 438 3233 Σ
460 3177 534 3237 529.

162 3274 166 3283 ’
234 3273 329 3357 arev
353 3280 371 3337 r
393 3279 466 3339 seo.
492 3278 566 3352 neg.
592 3274 705 3356 ‘opaga

234 3360 347 3446 οσῖιον
371 3385 412 3474 m
432 3386 496 3444 424
522 3388 549 3443 r
569 3385 633 3444 302
657 3385 734 3445 nes.
759 3383 846 3445 scut.
873 3385 947 3461 aar,
970 3384 1045 3445 aru.

233 3468 366 3572 βοοιῖον
389 3496 419 3551 A
442 3494 505 3552 κιο
531 3494 572 3550 M
592 3493 666 3553 aaa.

234 3576 381 3686 ορροῖκ
405 3600 465 3659 121
492 3599 523 3669 (l.
547 3615 576 3659 a.
602 3598 719 3676 σμασι,
742 3601 826 3673 quoe
848 3601 1014 3674 praestat).

233 3698 342 3781 έδρέων
365 3722 383 3760 ν
408 3702 449 3760 56
473 3701 505 3771 (l.
530 3716 559 3761 a.
583 3697 684 3777 ἑδέων,
706 3702 802 3775 idque
827 3717 940 3762 verum
960 3716 1032 3762 esse
1052 3700 1168 3761 docent
1187 3698 1217 3756 A
1238 3697 1315 3773 534,
1329 3697 1418 3768 581).

234 3786 381 3889 ιφκῖαων
404 3811 433 3866 A
456 3808 520 3868 roa
545 3811 573 3866 n
596 3809 660 3868 ara
683 3808 701 3867 e
725 3811 807 3884 aaa
832 3809 892 3883 reg.
919 3805 1060 3887 ’ἐφετμῆς
1084 3810 1117 3868 οι
1141 3804 1224 3885 pao.

232 3892 476 3999 θυμορραισιέων
500 3917 533 3973 Π
554 3916 616 3976 591
640 3918 671 3972 Σ
694 3916 768 3976 220.

232 4024 353 4107 θυρέων
376 4048 400 4100 φ
424 3996 477 4101 ῙἹ,
504 4024 565 4098 leg.
592 4024 731 4103 ’θύρηςῗ

303 4112 326 4125 ν

232 4129 434 4233 καιρουσσέων
458 4126 485 4192 δ’
513 4128 649 4232 ὀθονέων
671 4154 691 4209 η
715 4132 776 4192 107
799 4133 857 4203 (sic
876 4135 963 4194 recte
983 4132 1099 4208 Bergk,
1119 4131 1208 4195 codd.
1228 4125 1417 4211 καιροσέων).

232 4238 385 4319 κεφαλέων
409 4244 438 4299 Γ
457 4242 531 4316 273,
555 4240 616 4314 leg.
642 4238 795 4316 ’κεφαλῆς.

333 4325 361 4342 V
