3120 5124
741 396 782 455 62
1306 397 1334 468 [5
1360 398 1398 458 13

220 580 379 662 inpurior:
432 575 569 662 θυγατέρ’
595 580 708 663 ἰφθίμῃ
731 602 749 639 ιι
775 564 836 641 106
861 602 877 640 o
905 583 979 642 364.

211 682 348 761 “Empr:
430 677 475 760 ἅμ’
494 677 609 761 Ἕκτορ’
636 681 704 741 ἴσαν
729 683 770 740 Μ
791 682 843 755 88,
859 676 974 757 Ἕκτορ’
1001 679 1149 741 ἐπαΐσσων
1179 686 1213 742 Ψ
1234 687 1277 746 64
1306 687 1335 755 ¹).

219 785 293 865 χειρί
300 804 307 846 :
430 784 475 863 χεί
488 778 496 803 ’
522 782 757 861 ἐπιμασσάμενος
780 805 789 841 ι
815 783 878 842 802
903 805 917 840 τ
942 784 1015 843 480.

217 882 355 964 Ὀὃυσῆιῑ
425 880 548 964 Ὀδυσῆ’
571 883 722 944 ἀσπαστὸν
746 906 759 944 ε
783 886 847 945 398
874 909 888 942 ν
914 887 966 945 35.
988 920 1016 926 -
1037 887 1082 947 Cf.
1107 888 1125 956 ἓ
1150 889 1202 948 76.

213 987 323 1067 'Texuit
422 980 509 1064 Ἴσχυ’
536 980 581 1063 ἅμ’
608 983 736 1070 ἀντιθέῳ
761 987 792 1047 h.
818 987 876 1060 Ap.
903 988 977 1047 210.

179 1093 345 1153 Hactenus
369 1091 513 1151 certast
537 1091 704 1163 explorata
727 1091 803 1149 sunt
827 1090 937 1149 omnia
949 1083 989 1163 ²);
1011 1090 1168 1149 accedunt
1187 1088 1299 1149 minus
1318 1090 1406 1149 certa

134 1195 293 1268 quaedam
317 1192 369 1253 vel
394 1192 506 1251 dubia:

222 1293 301 1354 iuri:
335 1287 391 1350 λίπ’
420 1289 506 1375 ἐλαίῳ
533 1295 572 1363 [Κ
596 1295 671 1362 577]
698 1289 726 1355 Ξ
747 1294 806 1352 iil
833 1294 863 1349 Σ
886 1293 951 1352 350
975 1315 992 1370 y
1016 1293 1080 1352 466
1104 1293 1211 1366 κ364,
1232 1292 1299 1350 450
1319 1292 1336 1362 ζ
1353 1291 1406 1364 96,

135 1390 191 1456 λίπ’
227 1393 330 1469 diripe
364 1395 381 1465 ζ
411 1394 484 1453 227.
518 1393 696 1453 Verborum
724 1394 891 1467 dispositio
915 1395 1008 1453 docet
1031 1408 1127 1453 voces
1149 1386 1205 1452 λίπ’
1232 1389 1320 1476 ἐλαίῳ
1344 1407 1406 1452 non

136 1515 208 1560 esse
231 1497 465 1571 distrahendas,
490 1496 636 1555 dativum
660 1495 758 1567 igitur
780 1509 853 1554 esse
875 1493 940 1553 λικί
961 1495 1102 1554 nominis
1132 1494 1209 1554 alibi
1231 1509 1295 1554 non
1322 1493 1406 1553 obvii

136 1600 200 1674 λίψ,
233 1613 336 1672 neque
370 1599 438 1658 ulia
473 1600 525 1657 est
558 1611 658 1657 causa
693 1612 750 1657 cur
780 1597 969 1656 adverbium
1000 1595 1070 1654 λίκα
1098 1597 1150 1657 hio
1179 1610 1405 1670 agnoscamus,

137 1702 199 1762 etsi
233 1699 318 1774 apud
353 1698 572 1771 Thucydidem
606 1699 621 1756 Ι
652 1700 671 1758 6
703 1698 721 1765 ἓ
753 1700 772 1757 5
804 1700 836 1758 et
864 1698 899 1756 in
929 1697 1153 1771 Hippocrateis
1183 1698 1215 1757 id
1240 1697 1405 1772 reperitur.

137 1804 258 1863 Verum
289 1801 438 1861 viderunt
467 1800 646 1859 Buttmann
678 1802 711 1859 eh
735 1800 877 1874 Kuhner,
903 1799 978 1859 licet
1001 1814 1064 1858 nou
1090 1799 1290 1859 assentiatur
1314 1797 1406 1857 Blass

138 1907 170 1964 in
194 1902 434 1962 Kanum-Elusa
457 1903 472 1960 I
495 1917 525 1975 p.
554 1903 629 1961 461.

227 2002 365 2080 μάστακιε
391 1997 510 2079 μάστακ’
537 2001 601 2061 ἐκεί
623 2004 740 2076 Ι324;
765 2004 812 2062 sic
832 2003 950 2061 saltem
977 2001 1165 2075 Apollonius
1188 1994 1221 2060 in
1241 2001 1305 2061 lex.
1330 2016 1356 2060 e.
1379 2015 1406 2059 v.

139 2109 246 2166 locum
280 2105 404 2178 accepit
438 2106 469 2175 (i.
494 2121 521 2164 e.
556 2109 675 2180 rost-ro),
707 2119 846 2176 quocum
881 2104 1061 2163 consentire
1092 2102 1304 2163 Plutarchum
1332 2101 1406 2162 Mor.

139 2224 169 2282 p.
194 2208 258 2266 494
292 2208 325 2265 et
359 2207 423 2265 805
454 2207 549 2266 acute
580 2206 765 2266 observavit
794 2204 916 2265 Tollius
939 2206 971 2263 in
997 2205 1135 2264 editione
1159 2218 1227 2264 sua.
1253 2202 1407 2264 Veterum

139 2311 249 2368 tamen
282 2307 376 2366 lectio
407 2310 477 2367 erat
507 2306 650 2383 μάστακα,
682 2321 819 2380 eamque
851 2305 1072 2379 glossographi
1103 2304 1235 2364 ridicule
1258 2305 1407 2378 interpre-

140 2411 293 2470 tabantur
325 2409 483 2482 ίοαισίοοι,
519 2408 708 2467 Theocritus
739 2408 777 2467 de
809 2423 876 2466 caco
906 2408 940 2466 in
970 2407 1160 2466 universum
1188 2406 1312 2480 accepit
1335 2406 1407 2477 (vid.

140 2511 232 2583 Idyll.
257 2509 332 2569 XIV
358 2511 399 2568 39
423 2507 556 2585 μάστακα
582 2508 689 2584 doira),
713 2509 793 2568 item
817 2508 1036 2582 Aristarchus,
1061 2508 1101 2567 cf.
1124 2506 1143 2565 d
1164 2507 1238 2567 287.
1260 2507 1409 2567 Fortasse

141 2613 286 2686 praestat
317 2611 534 2685 accusativus,
559 2612 615 2671 sed
639 2615 786 2685 rostrum,
810 2626 874 2670 non
898 2626 999 2670 escorn
1022 2608 1183 2683 significat
1208 2609 1409 2670 vocabulum.

231 2710 338 2782 ἕκί(2λ;
374 2707 411 2770 ἕν’
449 2708 539 2789 ἤματι
573 2714 602 2769 Κ
634 2714 675 2771 48
708 2729 749 2773 ex
777 2713 922 2772 Barnesii
946 2713 1181 2785 emendatione,
1206 2712 1261 2771 ubi
1285 2711 1410 2772 codices

142 2815 262 2875 habent
296 2807 338 2872 ἐπ’
374 2810 473 2891 ἤματι,
502 2815 711 2874 Aristarchus
741 2811 773 2872 ἐν
796 2811 884 2891 ἤματι
908 2815 1034 2875 dedisse
1058 2813 1169 2873 fertur.
1195 2812 1272 2873 Goll.
1299 2816 1324 2871 Z
1347 2812 1409 2872 422

143 2917 188 3000 (ίῳ
223 2913 321 2993 ἤματι)
353 2916 498 2976 Barnesii
529 2917 682 2976 correctio
714 2919 803 2976 certa
832 2915 969 2990 videtur,
994 2931 1035 2975 ex
1058 2915 1220 2988 Hesychio
1245 2916 1356 2975 autem
1381 2916 1412 2974 et

143 3019 250 3093 Suida,
274 3018 328 3077 ubi
348 3019 427 3077 haec
447 3018 565 3077 locutio
585 3018 728 3078 redditur
751 3017 858 3076 verbis
877 3014 909 3075 ἐν
930 3027 981 3098 μιᾳ
1001 3011 1105 3098 ἡμέρα,
1127 3017 1266 3077 fortasse
1286 3015 1412 3076 efficere

144 3121 219 3181 licet
243 3121 421 3180 Aristarchi
445 3136 570 3192 quoque
593 3120 766 3180 lectionem
790 3120 891 3179 fuisse
911 3113 997 3189 ἕν’(ι),
1016 3134 1079 3177 non
1100 3115 1139 3176 ἐκ.
1156 3151 1198 3158 -
1211 3118 1307 3178 Redit
1327 3132 1414 3178 error

145 3223 163 3300 β
189 3223 263 3296 284,
287 3223 367 3282 bene
391 3237 466 3281 vero
489 3224 586 3283 habet
610 3217 650 3280 ἐπ’
676 3219 766 3299 ἤματι
793 3225 819 3279 Τ
840 3222 902 3281 229
928 3245 948 3298 μ
974 3222 1036 3280 105
1059 3223 1074 3292 ξ
1100 3222 1172 3281 105.

191 3324 361 3383 Praeterea
395 3323 551 3399 catalogo,
582 3339 679 3396 quem
710 3324 925 3398 instituimus
954 3323 1089 3382 addendi
1111 3324 1188 3382 sunt
1210 3337 1337 3397 versus,
1361 3319 1415 3381 ubi

147 3424 273 3485 codices
307 3425 460 3498 praebent
492 3426 637 3484 dativum
670 3440 689 3484 a
719 3425 919 3484 nominativo
950 3424 983 3483 in
1006 3444 1053 3493 -ος
1077 3423 1129 3482 vel
1152 3445 1202 3500 -ης
1225 3422 1277 3483 vel
1300 3445 1342 3495 -ις
1366 3421 1415 3482 vel

145 3548 195 3596 -ος
219 3524 271 3585 vel
294 3548 343 3596 -ας
367 3525 511 3600 ductum,
535 3527 590 3598 qui
614 3527 645 3585 in
669 3547 708 3584 -ει
734 3526 783 3585 vel
809 3548 853 3584 -αι
878 3526 1030 3600 excurrit,
1059 3541 1085 3584 e.
1107 3540 1137 3598 g.
1162 3522 1237 3604 ἔγχει
1260 3523 1421 3603 ὑπερμενεῖ

146 3626 229 3686 πόλει
263 3625 349 3703 κ-ήχει
384 3623 470 3684 δίκαι
494 3624 526 3695 ³).
562 3628 645 3687 Nam
678 3627 798 3687 talibus
831 3628 909 3687 locis
941 3642 1023 3702 mos,
1052 3627 1106 3698 qui
1130 3627 1224 3687 hodie
1247 3629 1363 3701 regnat
1384 3628 1417 3687 in

184 3928 201 3989 ¹)
219 3931 338 3978 Fortasse
361 3933 429 3979 haud
453 3935 543 3980 inutile
562 3935 640 3980 fuerit
657 3935 816 3993 observasse,
835 3935 860 3980 in
876 3949 951 3981 vorsu
968 3954 980 3994 γ
995 3937 1043 3982 469
1062 3936 1155 4000 Νέστορ’
1176 3948 1233 3983 esse
1250 3935 1418 3984 αοοιισοίὶνιιι.

182 4007 203 4073 ’)
221 4011 304 4057 Etiam
320 4012 387 4070 apud
402 4015 557 4060 recentiores
574 4015 625 4060 iota
640 4013 719 4059 dativi
734 4014 861 4060 interdum
872 4015 963 4060 elisum
973 4016 1108 4076 reperitur,
1119 4029 1141 4061 e.
1150 4029 1175 4074 g.
1184 4018 1336 4064 Anacreont.
1347 4018 1377 4064 fr.
1388 4016 1417 4063 1¹1

148 4090 212 4136 παῖδ’
240 4093 307 4154 (καρῇ.
334 4090 405 4137 l'ind.
432 4092 522 4138 Isthm.
545 4093 571 4137 II
591 4094 621 4138 12
645 4093 758 4150 ἀγνῶτ’(ι)
781 4094 857 4146 daddo,
878 4093 996 4152 Sophocl.
1016 4092 1047 4155 (i)
1071 4096 1221 4154 epigramm.
1240 4095 1309 4155 apud
1328 4096 1418 4143 Athen.

148 4169 210 4215 XIII
230 4169 304 4232 604f
321 4172 357 4215 σοί
381 4172 406 4216 δὲ
429 4171 536 4231 φιλοῦνθ’
561 4173 647 4234 ἑτέραν,
667 4173 763 4217 Moseh.
782 4173 816 4218 IV
835 4174 866 4218 85
885 4176 932 4234 ἐμῷ
951 4175 995 4219 ὑπὸ
1015 4174 1081 4233 ijrrus'
1106 4176 1195 4233 ἔχοισα.
1218 4175 1313 4230 Quales
1335 4179 1419 4223 umen

150 4249 273 4295 rarissimi
300 4252 360 4296 sunt
382 4251 439 4297 loci.
463 4251 500 4296 Ex
526 4251 736 4310 inscriptionibus
759 4253 874 4298 metricis
891 4254 1021 4300 stibrimns
1039 4255 1102 4301 GIA.
1120 4256 1168 4301 373
1187 4250 1241 4317 (vn
1257 4251 1338 4319 saec.)
1355 4259 1419 4302 Παλ-

149 4328 200 4373 λάδι
228 4332 347 4391 Ἀθηναίῃ,
375 4328 439 4377 CIG.
466 4332 512 4376 1‘15
539 4326 582 4393 (Ξ
600 4328 689 4377 Kaibel
717 4332 803 4389 Epigr.
828 4335 867 4386 26,
891 4347 956 4379 saec.
980 4335 1019 4393 Vp)
1046 4340 1135 4392 σώματι
1159 4338 1255 4388 ἐκείνων,
1280 4333 1372 4382 Kaibel
1390 4335 1420 4381 58

151 4400 205 4467 (ivl
221 4404 299 4467 saec.)
318 4411 407 4466 γυναικί
426 4413 519 4468 ἐσθλήν.

184 4480 205 4546 ³)
223 4485 260 4530 Ex
286 4487 326 4532 his
352 4488 427 4547 longe
455 4490 656 4547 frequentissimi
682 4494 743 4535 sunt
767 4490 845 4536 dativi
873 4505 887 4536 a
911 4493 1074 4539 nominativis
1097 4495 1122 4539 in
1147 4505 1195 4548 -σ;;
1219 4494 1256 4540 sio
1279 4495 1343 4555 λγχιι
1362 4497 1421 4542 ante

151 4564 265 4610 vocalem
289 4569 416 4625 reperitur
442 4569 482 4614 his
504 4568 579 4615 loeis:
605 4573 628 4614 H
647 4570 694 4616 289
718 4572 781 4629 ἴγχιι
799 4573 907 4630 Ἀχαιῶν,
934 4575 956 4618 1(
974 4575 1021 4619 348
1040 4575 1101 4633 Bylae
1120 4575 1244 4628 ίπαΐσσοιν,
1266 4576 1295 4625 Ξ
1309 4576 1342 4623 88
1360 4577 1422 4637 tygri
