3120 5124
1296 405 1322 482 [q
1341 405 1382 466 let
1466 410 1469 415 ·

148 599 238 660 Pauli
262 597 385 674 caueri,
410 597 492 671 quod
516 598 576 657 hac
599 597 632 656 in
656 612 690 657 re
714 611 827 672 sapere
851 611 952 656 ausus
972 597 1022 655 est
1042 610 1118 656 curn
1139 594 1282 654 carmina
1298 592 1389 652 Hone-
1473 588 1476 594 '

148 702 214 762 rica
236 714 408 775 puerorum
431 699 463 758 in
487 713 584 758 usum
609 698 708 759 edidit
721 701 752 767 ¹).

191 902 332 975 Regulas
362 902 417 974 qui
448 901 540 976 dixit,
571 902 719 975 superest
750 902 787 960 ut
818 900 1024 974 exceptiones
1055 899 1151 960 dicat.
1188 898 1358 960 Restitutis
1382 892 1406 950 iu

145 1006 309 1077 integrum
335 1002 459 1078 formis,
482 1017 565 1075 quae
588 1001 679 1062 salvo
703 1004 807 1062 metro
831 1001 960 1062 restitui
982 1003 1129 1077 possunt,
1154 1002 1334 1062 contractas
1357 995 1410 1056 fot·

147 1120 220 1166 mas
251 1104 336 1164 haud
366 1119 487 1178 paucas
516 1103 550 1162 in
580 1103 680 1163 Iliade
711 1105 744 1164 et
775 1104 921 1178 Odyssea
952 1105 1075 1164 restare
1109 1102 1282 1162 verborum
1304 1101 1336 1161 in
1363 1093 1415 1153 11
1474 1112 1476 1153 1

141 1205 361 1267 desinentium
384 1206 417 1280 ²),
452 1219 535 1277 quae
564 1204 635 1265 sine
666 1205 698 1264 vi
726 1207 760 1265 et
787 1205 923 1265 audacia
946 1204 1065 1278 expelli
1097 1207 1271 1278 nequeant,
1295 1197 1418 1262 nescire

142 1322 239 1368 nemo
270 1307 379 1380 potest
412 1306 467 1378 qui
499 1305 549 1366 vel
580 1306 683 1366 semel
715 1305 889 1366 Homerica
920 1306 1065 1366 carmina
1100 1303 1326 1380 pervolaverit.
1374 1297 1421 1359 Ca·

143 1409 290 1481 talogum
315 1407 473 1467 eiusmodi
496 1407 686 1484 formarum,
711 1409 890 1469 secundum
911 1422 1066 1468 versuum
1090 1408 1186 1468 sedes
1206 1406 1421 1480 ngesuruu

146 1509 296 1571 exaravit
319 1507 449 1569 Menrad
474 1506 635 1570 Contract.
659 1524 731 1584 pag.
760 1511 821 1569 117
846 1524 915 1582 sqq.

192 1608 275 1670 Ἀλλά
303 1630 333 1670 τε
364 1607 415 1668 καὶ
443 1618 503 1670 τῶν
533 1605 598 1669 αἰὲν
629 1606 800 1689 &carpistes
831 1608 902 1681 νόος
932 1605 1060 1688 ἀνδρῶν.
1095 1609 1269 1683 Aliquanto
1296 1603 1426 1670 brevior

149 1713 272 1775 sensim
303 1711 420 1772 evadet
449 1711 506 1772 illa
536 1712 648 1788 series,
675 1711 823 1773 simodo
847 1712 1052 1773 recordemur
1075 1710 1160 1771 haud
1184 1725 1305 1786 paucas
1327 1717 1427 1770 voces

149 1814 349 1889 Homericae,
372 1828 453 1886 quae
478 1829 519 1874 ex
539 1813 757 1874 contractione
778 1815 873 1874 natae
895 1828 967 1874 esse
990 1813 1169 1886 videantur,
1190 1827 1305 1873 revera
1323 1809 1429 1871 alian

149 1917 266 1976 habere
296 1915 463 1990 originem,
495 1914 527 1974 id
551 1915 635 1988 quod
667 1915 785 1975 melius
816 1914 997 1987 meliusque
1029 1913 1222 1989 perspicitur
1249 1927 1311 1988 quo
1333 1919 1430 1973 actu·

150 2016 253 2078 ratius
276 2015 405 2088 linguae
429 2014 569 2076 Graecae
593 2015 769 2091 primordia
792 2016 1005 2089 vestigantur.
1030 2014 1119 2090 Quod
1139 2015 1179 2075 de
1198 2014 1432 2089 pronominum

151 2118 265 2178 formis
292 2116 421 2176 traditis
444 2110 528 2193 ἡμεῖς
551 2113 635 2194 ὑμεῖς
658 2110 731 2194 ἡμῖν
755 2114 826 2194 ὑμῖν
850 2119 911 2178 etc.
936 2118 1159 2177 demonstrare
1183 2116 1388 2176 studuimus
1409 2106 1433 2164 in

152 2221 170 2289 1
201 2222 261 2294 92;
294 2218 374 2279 adde
403 2218 608 2279 accusativos
634 2218 747 2291 quales
771 2220 849 2279 eunt
871 2216 955 2288 αόλῑς
980 2215 1068 2295 ἰχθῦς
1090 2217 1175 2296 βοῦς,
1197 2232 1280 2289 quas
1303 2216 1433 2277 formes

153 2336 218 2382 non
242 2336 283 2381 ex
304 2317 410 2390 πόλιας
433 2317 540 2398 ἰχθύας
562 2317 636 2399 βόας
659 2320 772 2381 invitis
795 2320 923 2394 linguae
946 2319 1071 2394 legibus
1094 2320 1279 2379 contractas
1302 2318 1366 2378 scd
1404 2321 1433 2367 0¹

153 2420 256 2493 πόλιας
279 2419 385 2499 ἰχθύας
408 2420 501 2499 perine
524 2423 620 2482 natas
643 2437 715 2483 esse
738 2437 835 2483 nemo
857 2423 922 2483 iam
947 2422 1061 2483 nescit.

198 2524 272 2584 Alia
316 2522 471 2584 vocabula
513 2523 619 2584 levem
655 2524 823 2598 requirunt
857 2523 1146 2585 correctiunculam
1181 2526 1219 2583 ut
1253 2537 1329 2583 cum
1373 2522 1433 2573 1111

154 2625 326 2687 Homerico
348 2624 476 2684 aliunde
501 2625 628 2698 cognito
651 2625 831 2701 concinant,
855 2640 882 2686 e.
906 2639 936 2699 g.
961 2612 1135 2701 παρειῶν
1163 2623 1196 2682 Ω
1221 2621 1326 2685 7941
1352 2610 1434 2680 198,

156 2729 220 2787 223
251 2731 267 2785 t
292 2727 355 2787 529
386 2745 409 2783 α
435 2728 496 2786 roo
526 2725 604 2786 Hes.
637 2726 724 2787 scut.
759 2728 832 2802 267,
856 2726 940 2799 quon
964 2742 1006 2786 ex
1028 2724 1180 2802 παρειάων
1202 2727 1243 2796 (Σ
1266 2725 1329 2784 123
1352 2710 1437 2780 etc.)

156 2829 358 2890 contractum
390 2842 462 2887 esse
492 2827 558 2887 noli
587 2827 779 2888 credere-
806 2828 880 2901 quid
904 2828 1016 2888 enim?
1042 2860 1082 2870 -
1106 2826 1164 2888 sed
1187 2828 1240 2886 est
1263 2820 1441 2899 genitivus

154 2929 288 3005 pluralis
315 2928 455 2988 nominis
486 2925 521 2987 τὰ
551 2927 669 3006 ααρειά,
698 2929 790 2989 cuius
820 2928 995 3002 singularis
1027 2927 1181 3002 quoniam
1212 2926 1289 2987 alibi
1321 2924 1388 2987 est
1414 2905 1445 2968 τὸ

153 3029 292 3108 ααρήιον,
322 3030 429 3105 potius
457 3027 581 3113 ααρῄων
611 3030 815 3092 scribendum
845 3031 897 3091 est
927 3030 1001 3101 (vid.
1025 3031 1043 3099 5
1072 3025 1089 3088 l
1122 3043 1194 3105 pag.
1219 3029 1260 3088 41
1286 3027 1363 3097 et5
1406 3007 1450 3071 5⁶

153 3148 224 3209 pag.
253 3132 335 3202 197).
355 3131 466 3205 Neque
485 3132 618 3193 dubium
639 3134 690 3192 est
709 3133 783 3206 quid
803 3132 847 3192 sit
866 3132 1077 3192 statuendum
1098 3131 1138 3191 de
1153 3129 1295 3190 formula
1307 3125 1456 3216 ddffl‘}

155 3229 185 3295 θ’
206 3229 408 3311 ὑψερεφέα
427 3232 445 3292 t
466 3234 547 3309 7ὅ7;
576 3248 659 3307 quae
679 3233 839 3308 synizesis
866 3249 908 3294 ex
928 3233 1024 3293 metri
1052 3233 1249 3293 necessitate
1275 3219 1461 3292 excusasl

157 3338 278 3414 nequit,
310 3314 463 3411 quoniam
493 3342 525 3400 et
556 3340 680 3414 longior
709 3340 813 3400 forma
843 3340 876 3399 in
904 3355 966 3399 usu
985 3339 1047 3399 fuit
1069 3335 1231 3416 ὑψηρεφής
1254 3338 1280 3409 (Ι
1307 3336 1380 3397 582
1420 3317 1465 3376 Β·

158 3440 252 3500 Merc.
278 3441 341 3516 23),
361 3456 444 3514 quae
463 3441 587 3515 legibus
607 3441 734 3515 linguae
752 3442 896 3517 poeticae
916 3442 1035 3502 melius
1056 3441 1157 3502 etiam
1177 3442 1229 3501 est
1248 3427 1469 3527 accomm‘j'

157 3542 233 3602 data
256 3541 331 3612 (vid.
354 3556 426 3617 pag.
452 3543 516 3618 96),
537 3544 571 3603 et
593 3542 767 3616 singularis
789 3538 938 3620 ὑψερεφὲς
962 3541 1046 3618 δῶμα
1071 3541 1122 3603 vel
1145 3540 1188 3600 δῶ
1212 3541 1327 3601 multis
1350 3524 1474 3600 100¹s

157 3643 324 3719 reperitur,
356 3646 389 3704 et
419 3645 516 3704 tertia
538 3644 644 3704 forma
667 3646 759 3704 extat
781 3641 940 3722 ὑψόροφας
963 3644 1027 3715 (vid
1052 3646 1081 3702 Γ
1101 3645 1165 3704 423
1190 3642 1208 3702 t
1235 3644 1296 3702 121
1323 3663 1341 3700 α
1366 3613 1475 3695 474

157 3748 240 3815 etc).
264 3745 414 3805 Fidenter
436 3746 534 3819 igitur
557 3746 758 3806 correximus
781 3742 972 3824 ὑψόροφα
995 3745 1047 3815 (ci.
1071 3747 1089 3815 5
1114 3746 1154 3805 73
1177 3758 1250 3819 pag.
1275 3744 1360 3813 223).

202 3847 263 3908 Sed
296 3847 408 3907 missis
431 3847 616 3908 nominibus
639 3847 790 3922 exempla
823 3862 841 3908 e
872 3848 1044 3909 verborum
1068 3846 1207 3907 flexione
1231 3846 1336 3920 petita
1360 3828 1476 3918 pl*

159 3950 313 4009 ieramus

200 4051 270 4111 uon
302 4050 427 4129 papae
459 4051 542 4113 nixu
572 4052 744 4127 Homerus,
768 4053 825 4112 seu
856 4051 984 4130 βιβάς,
1008 4052 1103 4125 uque
1127 4051 1195 4111 um
1218 4031 1476 4110 nesurcnjl

159 4154 375 4227 perspexerat,
406 4153 469 4213 vid.
496 4154 528 4210 H
550 4154 612 4213 213
638 4154 671 4211 Ν
692 4154 766 4213 371.
791 4153 904 4226 Itaque
926 4153 960 4213 in
983 4154 1012 4210 Γ
1031 4153 1072 4212 22
1096 4151 1227 4229 βιβῶντα
1250 4151 1320 4211 iure
1341 4133 1475 4210 daffl'

194 4405 212 4473 ¹)
230 4409 336 4456 Formas
361 4408 497 4456 distractae
522 4409 548 4454 in
571 4411 644 4456 textu
666 4408 795 4467 Odysseae
819 4409 908 4456 obviae
927 4409 1058 4456 succincte
1076 4409 1206 4457 recensuit
1223 4411 1329 4456 cunctae
1345 4389 1471 4454 confir

160 4488 186 4534 in
204 4488 363 4548 praefatione
380 4501 437 4549 pag.
455 4501 507 4536 xxv
523 4502 570 4548 sq„
588 4488 650 4535 item
667 4488 756 4534 Iliadis
773 4488 869 4535 formas
887 4488 1023 4535 distractae
1040 4489 1121 4549 presi.
1138 4487 1171 4535 ΙΙ.
1188 4502 1214 4548 p.
1232 4500 1296 4535 xm
1312 4501 1347 4546 eq.

193 4562 213 4629 ²)
230 4566 372 4613 Verborum
388 4567 414 4614 ln
435 4567 474 4614 -ie
492 4568 588 4614 formes
606 4566 746 4627 pleraeque
763 4566 868 4614 dissolvi
886 4571 1002 4628 possunt,
1020 4567 1154 4614 verborum
1173 4568 1199 4613 in
1220 4570 1265 4614 -dm
1281 4568 1383 4613 euacua
