3120 5124
753 402 815 460 108
1322 401 1351 472 [ἓ
1372 401 1409 462 27

144 588 229 648 tales
263 589 374 648 autem
408 587 589 649 locutiones
623 604 794 665 superesse
828 605 870 650 ex
900 590 1045 664 tempore
1076 588 1328 665 antehomerico,
1353 603 1411 663 quc

144 687 218 749 κατὰ
248 688 404 768 σλαπάρην
435 692 617 767 dicebatur;
648 694 731 766 quod
762 693 791 753 si
815 693 1009 768 conceditur,
1034 691 1139 752 multi.
1154 706 1270 752 versus
1293 692 1414 766 expedi·

143 793 214 852 tam
248 793 368 852 habent
404 793 662 870 explicationem,
698 810 776 854 nam
810 794 955 855 locorum
987 795 1049 854 huc
1077 793 1312 869 pertinentium
1338 793 1415 855 duas

143 903 253 976 partes
278 874 349 1005 (ἑξ)
367 902 613 975 praepositionis
626 903 773 989 vocalem
793 903 924 963 finalem
936 904 1110 978 producere
1126 902 1235 963 docuit
1255 900 1415 964 v.Hartel.

144 1015 206 1076 Sed
228 1030 324 1075 nemo
348 1029 424 1075 cum
448 1015 555 1089 aliqua
579 1017 814 1091 probabilitatis
835 1018 941 1093 specie
961 1019 1153 1079 contendere
1171 1019 1289 1092 potest,
1314 1017 1414 1078 etiam

144 1116 178 1176 in
202 1116 308 1176 verbis
339 1112 397 1174 olel
421 1113 454 1175 oi
476 1121 633 1193 μαλακοῖσι
655 1115 706 1177 καὶ
729 1117 890 1195 αἱμυλίοισι
912 1115 1035 1178 Haedos
1058 1141 1078 1177 α
1103 1121 1145 1181 56
1172 1118 1415 1193 productionem

142 1217 318 1292 particulae
343 1212 375 1275 δέ
399 1217 515 1280 indicio
540 1235 612 1281 esse
637 1236 812 1281 consonam
836 1237 855 1281 a
878 1221 983 1281 fronte
1007 1221 1159 1282 adiectivi
1181 1218 1314 1297 μαλακός
1346 1234 1415 1282 esse

142 1319 320 1393 abiectam;
355 1333 419 1378 non
456 1322 544 1382 enim
574 1337 674 1382 unam
705 1323 871 1383 notionem
903 1323 1105 1383 constituunt
1135 1321 1295 1397 particula
1329 1318 1363 1382 δέ
1384 1323 1415 1383 et

143 1422 340 1482 adiectivum
374 1425 549 1496 insequens
581 1427 788 1500 (clpaiaaoioc,
818 1439 922 1497 neque
946 1424 1045 1496 igitur
1071 1438 1152 1484 aevo
1176 1424 1415 1485 antehomerioo

143 1526 292 1598 poterant
311 1541 516 1587 concrescere
536 1527 570 1584 in
590 1541 689 1585 unam
702 1540 815 1586 vocem
830 1524 1048 1602 δεσμαλακοῐσι,
1064 1540 1146 1599 quae
1158 1527 1320 1599 potuisset
1331 1525 1415 1586 abiro

143 1625 177 1685 in
205 1624 425 1703 depopularetur,
453 1626 727 1700 quemadmodum
755 1624 878 1703 ἔμμεναι
909 1642 950 1687 ex
977 1623 1096 1702 ἔσμεύαι
1118 1629 1234 1687 natum
1259 1629 1321 1688 est.
1345 1627 1415 1687 Pro·

146 1734 273 1794 ducitur
292 1737 404 1796 autem
424 1731 456 1794 δέ
474 1733 554 1795 locis
573 1735 624 1808 75,
647 1753 677 1791 τε
699 1732 779 1793 locis
792 1734 844 1809 ob,
870 1735 963 1795 sexto
983 1748 1109 1807 quoque
1127 1732 1197 1794 loco
1215 1733 1317 1808 igitur
1345 1708 1415 1837 (ἶέ)

144 1847 246 1907 altera
280 1851 353 1909 utra
387 1848 546 1923 particula
578 1848 669 1907 extat
698 1848 862 1923 producta,
894 1848 941 1907 ita
976 1849 1013 1908 ut
1043 1847 1294 1921 haudquaquam
1327 1860 1415 1908 raros

143 1965 216 2009 esse
247 1940 432 2013 huiusmodi
454 1951 542 2012 locos
566 1951 719 2025 appareat
741 1965 845 2024 neque
869 1951 909 2011 ad
932 1952 1113 2011 ceterorum
1146 1949 1333 2023 analogiam
1356 1948 1415 2011 fac·

144 2053 197 2111 tos
220 2067 292 2113 esse
317 2052 467 2114 credibile
491 2054 544 2112 sit.

190 2154 305 2214 Restat
336 2155 434 2228 igitur
464 2157 501 2214 ut
531 2155 727 2229 statuamus,
759 2169 798 2213 ea
830 2168 912 2227 quae
943 2154 977 2212 in
1007 2155 1100 2214 textu
1132 2154 1242 2213 nostro
1266 2151 1415 2226 leguntur

147 2255 194 2314 ita
228 2255 268 2315 ab
302 2257 381 2330 ipsis
414 2256 519 2330 poetis
548 2256 691 2329 proiecta
721 2270 810 2329 esse;
844 2256 877 2314 in
909 2254 1042 2315 Homeri
1068 2254 1167 2328 igitur
1188 2255 1259 2314 arte
1281 2253 1415 2314 metrica

146 2355 331 2417 litterarum
349 2362 364 2416 l
385 2380 405 2433 μ
425 2379 443 2415 ν
462 2357 520 2435 pf
544 2372 616 2417 eam
638 2372 710 2417 esse
730 2357 799 2416 rim
819 2358 855 2416 ut
874 2357 1007 2417 brevem
1032 2355 1177 2416 vocalem
1195 2369 1279 2429 quae
1297 2353 1415 2416 claudit

147 2458 340 2518 vocabulum
374 2460 569 2533 praecedens
604 2460 671 2518 ictu
705 2459 837 2518 iuvante
865 2459 1042 2532 producant
1063 2453 1095 2527 ¹).
1128 2457 1215 2533 Quae
1244 2455 1415 2530 explicatio

147 2575 184 2620 eo
208 2560 318 2620 minus
340 2562 438 2622 habet
459 2561 655 2622 incommodi
679 2561 762 2634 quod
785 2563 818 2621 in
841 2546 926 2621 thesi
956 2560 1141 2621 huiusmodi
1164 2558 1331 2634 productio
1355 2572 1415 2620 non

147 2651 394 2735 deprehenditur
418 2661 449 2738 ²),
474 2663 507 2721 in
530 2663 595 2722 arsi
618 2664 729 2723 autem
754 2662 897 2736 syllabas
927 2661 1051 2736 finales,
1073 2675 1166 2735 ‚quae
1188 2661 1305 2721 breves
1329 2662 1415 2736 sunt,

147 2763 247 2822 etiam
277 2763 397 2823 talibus
419 2764 499 2825 locis
522 2763 638 2837 quibus
661 2763 817 2837 liquidam
840 2779 904 2824 non
927 2762 1048 2824 habent
1070 2764 1263 2835 sequentem
1285 2762 1415 2837 produci

147 2863 306 2940 videmus,
330 2865 369 2925 cl.
394 2867 412 2934 ἓ
438 2867 477 2925 19
502 2866 534 2936 ³).

192 2966 242 3025 Ita
273 2967 301 3026 si
332 2967 424 3027 nobis
454 2968 669 3028 informamus
693 2983 772 3043 rem,
796 2968 929 3027 dubium
953 2982 1025 3027 esse
1048 2967 1161 3039 nequit
1185 2968 1297 3026 utrum
1319 2965 1416 3039 gemi-

148 3069 225 3127 nata
260 3084 301 3128 an
336 3070 475 3144 simplex
509 3070 619 3130 littera
648 3069 769 3142 liquida
799 3071 906 3144 magis
936 3071 980 3130 sit
1002 3069 1164 3144 probanda
1186 3068 1220 3127 in
1243 3064 1296 3126 ὅθι
1319 3064 1415 3144 νομός,

149 3166 193 3228 ἐνὶ
226 3169 387 3250 μεγάροισι,
422 3172 593 3233 similibus
629 3173 781 3248 Traditio,
817 3188 899 3246 quae
934 3173 974 3232 ad
1009 3169 1236 3232 vetustissima
1271 3170 1415 3244 tempora

148 3273 317 3349 pertineat,
349 3275 409 3334 hac
439 3276 478 3334 de
510 3290 543 3335 re
568 3277 619 3334 cst
642 3274 741 3350 nulla,
766 3275 946 3347 antiquitus
970 3274 1057 3334 enirn
1080 3272 1209 3333 litterae
1231 3285 1296 3330 non
1319 3269 1415 3345 dupli-

149 3374 320 3451 cabantur,
356 3376 563 3449 grammatici
597 3378 708 3436 autem
745 3375 955 3436 Alexandrini
991 3390 1088 3448 quarn
1124 3374 1284 3434 rationem
1316 3374 1415 3434 secut

184 3622 202 3685 ¹)
222 3627 300 3682 ,Eine
327 3641 355 3674 so
379 3628 446 3675 rollo
469 3628 637 3675 Articulation
661 3628 706 3674 der
728 3627 854 3687 Liquiden
876 3632 984 3690 λμνρ
1007 3625 1067 3673 dass
1084 3625 1155 3672 disse
1172 3624 1232 3671 dem
1248 3625 1354 3674 werthe
1372 3639 1415 3673 ror

150 3706 463 3767 ,consonantengruppen
489 3705 580 3754 macru
607 3707 783 3766 gleichlramen
805 3706 859 3753 und
880 3707 926 3752 nie
950 3705 1020 3753 diese
1043 3705 1159 3752 Position
1178 3704 1267 3751 bilden
1289 3703 1414 3753 konntsn'

151 3786 272 3831 v.Hartel
289 3786 332 3832 l.l.
349 3787 362 3832 I
380 3800 404 3846 p.
423 3788 479 3833 407,
498 3787 535 3833 Oi.
555 3788 585 3834 G.
604 3783 702 3846 Meyer'
720 3801 745 3846 p.
767 3787 813 3833 177
832 3789 858 3832 et
876 3787 924 3832 aie
943 3799 981 3845 sq.

181 3861 203 3928 ²)
221 3866 276 3913 Uno
301 3867 380 3913 verbo
404 3871 514 3924 λίσσομαι
540 3873 561 3912 Ζ
585 3868 616 3912 45
638 3870 664 3912 Φ
683 3867 712 3912 71
732 3883 746 3912 κ
765 3866 813 3912 764
837 3867 953 3924 excepto.
972 3865 1037 3911 Huic
1055 3865 1135 3923 igitur
1152 3864 1230 3911 verbo
1247 3877 1310 3923 prae
1329 3865 1415 3913 deterit

149 3945 292 3991 restitutam
318 3946 383 3992 velis
408 3949 589 3993 consonantem
612 3960 677 4006 qnae
704 3945 819 3992 evanuit:
843 3948 870 3991 at
893 3958 1020 4005 quaenam
1040 3945 1173 3992 evanuerit
1190 3956 1301 3991 consona
1319 3944 1415 4004 ignora·

148 4026 198 4081 tur,
217 4026 243 4069 et
261 4030 289 4071 Π
303 4027 334 4071 46
353 4040 391 4085 sq.
410 4028 479 4072 certe
497 4027 603 4085 abipso
621 4029 696 4086 poeta
714 4029 754 4072 est
772 4026 873 4071 omissa.

183 4098 204 4166 ³)
221 4104 333 4151 Litterae
347 4108 371 4165 ῥ-
386 4109 501 4164 potestas
520 4106 645 4164 syllabam
662 4105 858 4164 praecedentem
874 4103 1033 4164 producendi
1047 4104 1188 4162 permansit
1202 4102 1281 4150 stiam
1295 4102 1322 4148 in
1336 4103 1415 4150 seua

150 4183 229 4241 poesi.
254 4184 300 4230 Cui
323 4198 372 4230 non
395 4186 482 4231 statim
505 4185 591 4231 veniat
614 4186 640 4230 in
662 4188 774 4231 mentem
792 4197 913 4230 versuum
931 4183 1175 4242 Aristophansornm
1194 4184 1236 4229 οὐκ
1252 4180 1306 4228 ἔσθ’
1327 4182 1415 4237 ὅκως-ι

150 4262 256 4323 χρησμὸς
281 4266 312 4316 alc
334 4272 402 4310 τοῦτο
423 4265 487 4324 ῥὲπει
509 4264 576 4310 Plnt.
602 4265 640 4317 51,
662 4269 719 4322 μὴτο
735 4267 805 4324 ῥιγῶν
821 4264 895 4323 ripen
912 4268 964 4309 λίαν
980 4263 1044 4309 Nub.
1063 4263 1121 4318 416,
1139 4261 1341 4321 Sophocleorum
1358 4268 1415 4309 vods

152 4341 213 4385 lofr'r
236 4342 277 4401 ἤδη
300 4339 397 4407 τοῦργον
413 4346 444 4396 οἷς
465 4341 504 4403 (pri
521 4344 592 4403 ῥέπον
609 4343 671 4390 Oed.
690 4345 719 4390 B.
738 4345 794 4402 847,
813 4348 836 4390 ιλ
854 4341 878 4388 ὁὶ
896 4345 1015 4403 ῥυθμίζεις
1032 4342 1117 4401 Antig.
1136 4342 1184 4388 ³18
1202 4344 1260 4401 etih,
1277 4340 1342 4400 quin
1357 4341 1415 4389 adol

150 4420 176 4464 in
195 4421 261 4466 thesi
278 4419 346 4468 αὗται
364 4420 389 4467 di
406 4425 469 4483 ῥῖνας
486 4425 581 4483 ἔχουσιν
598 4426 639 4469 Ar.
657 4424 723 4470 Nub.
741 4425 798 4479 343,
816 4425 856 4468 lca
873 4425 910 4468 nal
929 4415 958 4468 τὸ
978 4423 1069 4482 ῥρμαια
1091 4426 1175 4468 siam
1191 4421 1254 4467 Rau.
1274 4421 1339 4468 1059
1358 4404 1409 4469 ὀλο..

151 4500 318 4546 Athenienses
336 4504 421 4547 tamon
439 4515 487 4547 non
506 4503 584 4565 apina
602 4505 647 4548 ant
661 4491 753 4566 λῗριγον
770 4501 898 4560 dicebant,
912 4501 973 4546 licet
987 4497 1089 4564 αρλινας
1105 4502 1131 4545 et
1147 4499 1241 4546 similia
1255 4499 1287 4546 iis
1300 4499 1415 4547 tribnsrl

151 4579 242 4626 Danas
258 4580 365 4627 Miscell.
384 4581 439 4626 crit.
457 4593 482 4639 p.
503 4583 558 4627 161.
