3120 5124
758 355 799 413 10

213 544 296 617 φιλεῖ
315 537 347 601 δὲ
370 540 455 617 νότος
479 538 550 621 μετὰ
573 540 691 621 πάχνην
715 547 770 612 (aa
793 560 885 619 νοριιι
907 544 991 603 Ιιοιιιι
1013 544 1229 621 τοπιιιοιλιῄἰι),

142 706 144 710 ,
210 640 321 703 παθὼν
344 639 378 703 δέ
399 665 429 704 τε
451 643 558 722 νήπιος
582 641 657 724 ἔγνω
683 645 749 714 (wie
772 645 834 704 niet
855 646 968 706 haereat
990 645 1042 706 wa
1063 650 1142 706 meet
1163 647 1284 723 voden),

210 742 260 803 καλ
283 743 425 824 κόριιορος
449 742 481 805 ἐν
505 744 658 823 λαχάνοισι
682 744 841 815 (krttimels
864 746 927 823 zain
950 747 1005 807 οολι
1032 748 1146 823 broad),

209 843 292 906 ditor
310 846 406 925 κάμον
427 843 509 907 ἄλλοι
529 844 636 907 douvra
659 848 706 917 (da
724 849 869 923 pourdcn
888 849 936 908 die
955 850 992 909 dc
1009 849 1102 909 bocer
1120 851 1282 910 ucrdtenca
1294 850 1415 927 lrrr'o‘oen

1278 968 1311 1011 τι
1333 953 1413 1023 aar).

189 1050 285 1110 Plura
319 1051 447 1125 collegit
477 1053 604 1113 Usener
625 1052 646 1112 l.
672 1052 692 1112 l.
717 1068 747 1126 p.
773 1052 815 1111 44
839 1066 908 1125 sqq.
934 1086 974 1095 —
1000 1051 1135 1127 Saepius
1157 1052 1292 1113 iteratos
1315 1054 1414 1114 babes

144 1152 330 1214 huiusmodi
363 1170 477 1215 versus
511 1155 544 1214 in
578 1153 709 1228 Tyrtaei
746 1154 922 1215 embaterio
958 1154 1041 1229 apud
1072 1154 1163 1214 Dion.
1196 1153 1412 1229 Chrys134

144 1254 243 1327 (Tyrt.
268 1255 306 1315 fr.
333 1257 373 1315 15
397 1256 529 1330 Bargul:

497 1351 571 1437 ἄγετ’
597 1348 621 1417 ὦ
644 1356 786 1435 Σπάρτας
809 1353 959 1435 ἔυάνδρου

496 1466 601 1538 κοῦροι
624 1457 758 1538 ποτέρων
782 1463 937 1536 πολιητᾶν,

498 1565 567 1645 λαιᾷ
590 1556 644 1640 μὲν
666 1560 732 1621 ἴτυν
755 1558 955 1640 προβαλέσθε,

496 1660 571 1742 δόρυ
595 1662 724 1747 δεξιτερᾷ
747 1657 778 1723 δ’
806 1660 964 1741 ἐυτόλμως,

496 1762 536 1842 μὴ
559 1763 732 1843 φειδόμενοι
756 1773 808 1837 τᾶς
832 1767 916 1837 ζωᾶς·

496 1864 533 1925 οὐ
556 1863 612 1945 γὰρ
634 1865 759 1945 πάτριον
783 1877 818 1950 τᾷ
841 1865 966 1950 Σπάρτᾳ
991 1868 1022 1937 ¹).

185 1968 222 2026 In
247 1968 350 2028 fronte
374 1969 472 2042 igitur
495 1970 679 2031 hexametri
703 1985 877 2044 suppressa
900 1971 1037 2031 estune
1060 1969 1196 2045 syllaba,
1227 1970 1295 2030 ictu
1318 1969 1411 2030 desti·

142 2070 223 2145 tuta,
255 2068 339 2130 unde
371 2071 553 2131 ordiebatur
583 2071 669 2146 prior
692 2071 881 2132 versiculus
907 2072 1114 2132 Pentameter
1137 2085 1179 2130 ex
1202 2070 1318 2131 iisdem
1345 2086 1411 2131 ver·

142 2171 232 2230 sibus
265 2171 383 2245 prodiit
416 2173 601 2249 geminatis,
637 2174 811 2248 postquem
844 2173 961 2233 ultima
994 2188 1119 2247 quoque
1151 2187 1262 2233 eorum
1286 2171 1413 2245 syllaba

143 2272 268 2333 abiecta
292 2275 352 2334 est.

186 2375 223 2433 In
257 2375 336 2449 ipsis
370 2390 495 2449 quoque
530 2376 728 2437 carminibus
758 2377 940 2438 Homericis
971 2376 1089 2436 indicia
1119 2376 1279 2449 quaedam
1306 2376 1410 2451 depre-

142 2476 250 2553 hendi,
274 2477 358 2538 unde
381 2482 534 2553 appareat
557 2480 786 2540 hexametrum
810 2495 851 2540 ex
875 2478 1033 2539 trimetris
1056 2478 1179 2539 duobus
1199 2479 1411 2553 concrevisse,

142 2784 241 2832 animoa
265 2786 397 2833 deleniens
420 2784 622 2851 (barnhigender
648 2790 787 2836 Charakter
810 2789 856 2836 dee
873 2784 1037 2852 Rhythmus).
1058 2789 1112 2835 Non
1131 2790 1217 2835 tamen
1235 2787 1298 2833 satia
1315 2786 1412 2834 intelle·

142 2866 212 2923 gitur
238 2866 366 2924 quomodo
391 2867 461 2915 notio
488 2871 589 2916 mentes
615 2869 713 2916 alienas
739 2869 846 2916 sedandi
865 2869 950 2915 inesse
967 2869 1049 2928 possit
1066 2868 1144 2915 verbo
1160 2866 1321 2913 intransitive
1339 2866 1413 2926 quale

142 2945 209 2991 toret
233 2954 384 3010 ποροιμῆοαι,
412 2948 481 3006 qnod
506 2950 594 3008 potina
621 2949 765 2996 reddideris
791 2946 859 2994 laeta
881 2945 1004 3009 proyrcdi.
1028 2971 1060 2981 -
1085 2948 1189 2994 Certum
1215 2950 1262 3006 eat,
1288 2945 1413 2994 adieetivo

142 3027 295 3087 πνροιμιακός
310 3025 395 3074 inesse
412 3027 526 3075 radicem
543 3026 614 3074 vocis
629 3023 694 3087 οἶμος
711 3029 765 3075 aive
784 3030 878 3088 οἵμη-
889 3041 939 3074 non
958 3028 1025 3074 enirn
1045 3027 1190 3074 divellenda
1209 3027 1273 3072 haec
1290 3029 1350 3073 aunt
1368 3024 1413 3073 sed

143 3103 297 3150 coniunctim
324 3106 457 3152 tractanda
474 3125 520 3164 —;
538 3120 610 3153 auam
633 3110 719 3154 autern
742 3108 794 3153 vim
821 3104 916 3153 itineris
939 3106 979 3152 vel
1005 3103 1109 3152 tramitte
1129 3102 1226 3168 (tineae,
1244 3106 1324 3153 nostri
1342 3102 1414 3168 baua)

143 3181 242 3228 obtinet
259 3177 323 3240 οἶμος
338 3186 361 3229 Α
379 3185 419 3239 24,
437 3184 587 3232 narrationis
603 3200 663 3233 vero
681 3184 828 3232 curriculum
845 3185 964 3245 designat
980 3186 1006 3232 h.
1028 3186 1105 3232 Mero.
1123 3186 1180 3245 450,
1198 3185 1319 3245 idemque
1336 3185 1413 3245 signi-

142 3261 203 3307 fleat
221 3264 274 3322 ολμη
292 3268 311 3310 θ
330 3264 369 3324 74,
387 3266 434 3311 481
453 3284 470 3325 χ
490 3267 547 3313 347.
565 3268 612 3313 Eat
630 3267 708 3326 igitur
726 3271 849 3330 προοίμιον
866 3261 957 3328 (Τλιιιο.
976 3265 1017 3312 ΠΙ
1035 3266 1083 3311 104
1105 3260 1164 3328 elo.)
1181 3264 1209 3311 id
1226 3264 1296 3324 quod
1313 3277 1413 3325 praede·

143 3340 181 3387 dit
197 3341 283 3401 ipsum
306 3356 422 3400 carmen;
445 3350 588 3409 παροίμιον
605 3347 627 3392 ai
646 3348 752 3407 extaret,
770 3345 877 3393 deberet
895 3346 1039 3405 significare
1058 3359 1153 3391 carmen
1170 3342 1233 3406 quod
1249 3342 1318 3391 iaxta
1333 3356 1413 3406 proea-

141 3420 209 3466 dmt
225 3421 265 3468 vel
285 3423 371 3470 nescio
389 3437 454 3482 qnos
471 3423 633 3483 comitaretur,
651 3428 678 3472 et
696 3438 746 3472 non
765 3428 842 3472 extat.
860 3425 912 3472 Sed
930 3427 1000 3471 extat
1017 3437 1065 3471 vox
1082 3427 1197 3489 παροιμία
1215 3445 1248 3466 =
1256 3421 1414 3485 praeordina,

143 3498 217 3545 cuius
234 3500 306 3559 origo
323 3501 384 3548 licet
401 3504 435 3549 eit
450 3504 537 3564 dubia,
554 3507 670 3564 potestas
688 3507 727 3551 eat
742 3505 883 3564 notissima,
898 3503 931 3550 ab
946 3504 994 3550 hae
1006 3506 1094 3550 autem
1103 3503 1180 3551 dueta
1189 3504 1249 3549 aunt
1260 3502 1414 3550 adiectio-um

143 3582 297 3642 παροιμιακός
314 3583 340 3627 et
359 3583 466 3629 verbum
490 3586 657 3647 παροιμιάζειν,
681 3597 747 3641 quae
770 3597 820 3629 non
842 3582 979 3629 admodum
997 3583 1102 3642 antiqua
1121 3596 1177 3630 esse
1194 3583 1314 3630 videntur
1331 3595 1413 3642 neque

143 3658 222 3717 igitur
241 3659 274 3705 ab
292 3660 415 3708 obsoletis
432 3663 484 3709 illis
501 3663 633 3709 vocabulis
653 3657 716 3721 οἶμος
734 3665 812 3722 atque
831 3664 884 3722 οἴμῃ
901 3662 1048 3721 repetenda.

179 3733 198 3802 ¹)
216 3739 292 3787 Aliud
309 3740 387 3800 idque
404 3741 637 3789 luculentissimum
655 3742 801 3801 exemplum
819 3742 965 3789 huiuamodi
983 3741 1124 3789 carminum
1142 3745 1167 3789 in
1177 3741 1282 3789 scholiis
1297 3740 1413 3788 aditio

144 3820 230 3866 extare
248 3819 371 3867 eradebat
387 3821 480 3882 Bergk,
499 3822 543 3881 qni
562 3822 597 3868 ita
615 3821 642 3867 id
661 3822 795 3868 constituit
812 3817 907 3886 (Germ.
925 3819 1016 3881 Popnl.
1035 3830 1064 3866 n⁰
1082 3818 1122 3885 2):

626 3897 644 3945 ὦ
661 3902 725 3953 Atra.
744 3907 801 3946 πᾶσι
820 3906 896 3947 θεοῖσι

628 3980 736 4037 eerraira,
755 3981 790 4025 ool
809 3982 853 4043 γὰρ
872 3980 960 4026 ἔδωκαν

627 4063 710 4122 πρώτῳ
728 4059 795 4118 μέλος
812 4061 960 4123 ἀνθρώποισι

627 4147 713 4199 φωναῖς
730 4143 832 4203 λιγυραῖς
848 4141 931 4186 darom·

624 4222 714 4280 Φοῖβος
732 4221 757 4266 dl
775 4223 834 4282 κότῳ
852 4219 872 4265 u’
892 4221 987 4283 ἀναιρεῖ,

626 4301 725 4345 Μοῦσαι
743 4299 768 4345 δι’
786 4316 811 4345 σι
830 4299 961 4362 θρηνέουσι.

145 4374 195 4421 Sed
213 4375 385 4422 restituendos
402 4388 458 4423 ease
487 4376 648 4423 hexametros
672 4391 738 4437 quoe
758 4378 866 4438 praebet
884 4379 964 4425 sohel.
982 4379 1011 4438 V,
1028 4389 1112 4436 neque
1126 4375 1265 4423 admodum
1282 4374 1414 4434 antiquum

144 4466 201 4500 ease
219 4454 267 4501 hoe
286 4455 413 4501 canticum
430 4454 548 4514 ipsumve
563 4456 621 4503 Lini
641 4470 742 4519 nornen,
760 4458 874 4505 ostendit
890 4460 976 4505 Maesa
995 4457 1021 4504 in
1038 4458 1124 4504 Herm.
1143 4455 1228 4503 xxm
1245 4467 1270 4515 p.
1290 4455 1339 4501 ³0³
1351 4466 1414 4514 sqq„

144 4534 177 4580 el.
195 4534 377 4582 rWilamovita
395 4534 520 4582 Herakles
538 4534 565 4581 11
582 4548 608 4597 p.
628 4536 683 4582 120.
