3120 5124
141 400 155 466 't'
172 396 194 469 el
724 396 764 457 33

172 586 206 645 Ea
228 587 325 660 igitur
354 587 488 661 ratione,
519 600 618 657 quam
649 585 777 645 Fickius
808 586 890 660 iniit,
921 587 1138 647 inconstantia
1170 605 1233 662 qua
1257 591 1289 650 in
1313 589 1374 651 Ho-

138 689 201 746 meri
224 691 313 748 textn
342 688 461 747 tradito
493 688 621 747 vocales
648 711 666 744 α
694 690 727 747 et
750 709 768 762 η
792 688 955 747 alternant
978 690 1089 762 nequit
1113 691 1276 764 explicari.
1301 693 1375 752 Iure

139 793 223 850 tanen
249 791 381 863 negavit
411 790 490 865 ipsis
520 790 650 850 vatibus
678 790 902 864 imputandam
926 805 1007 851 esse.
1034 791 1095 851 Sed
1120 808 1218 852 causa
1241 794 1288 853 rei
1311 809 1374 854 non

138 891 194 950 inde
211 893 255 952 est
277 892 450 966 repetenda
472 892 555 964 quod
578 891 717 966 Aeolica,
741 893 778 950 ut
801 891 930 952 Fickius
953 894 1113 967 autumat,
1138 894 1236 954 locuti
1257 894 1377 955 fuerint

140 994 237 1053 veteres
268 995 392 1068 poetae,
428 993 533 1053 Ionica
565 1008 640 1053 vere
671 993 894 1053 diasceuastae
926 995 1023 1067 atque
1053 996 1214 1070 rhapsodi,
1246 998 1303 1057 sed
1335 1013 1376 1058 ex

140 1095 337 1168 antiquissima
370 1096 494 1155 ratione
528 1095 687 1155 scribendi
722 1096 780 1154 aut
814 1096 907 1155 unice
942 1098 999 1154 aut
1034 1097 1215 1156 maximam
1250 1102 1376 1172 partem

141 1197 270 1269 proluxit.
300 1197 424 1272 Nempe
455 1198 599 1257 carmina
630 1198 802 1257 Homerica
833 1214 895 1270 quo
925 1201 1067 1271 tempore
1092 1198 1210 1260 litteris
1234 1202 1376 1275 primum

141 1303 198 1358 sunt
215 1300 408 1373 consignata,
434 1332 474 1341 -
498 1299 624 1359 sivein
648 1300 727 1359 Asia
750 1299 781 1358 id
807 1315 866 1359 usu
892 1302 1019 1360 venisse
1046 1301 1214 1360 nobiscum
1238 1304 1376 1378 statuae,

141 1399 192 1459 sive
210 1401 422 1476 compluribus
445 1391 585 1460 saeculis
608 1405 680 1475 post
703 1401 736 1460 in
761 1402 872 1461 Attica
896 1404 1024 1460 textum
1048 1402 1142 1461 illum
1166 1418 1264 1474 quem
1292 1404 1378 1463 novi·

141 1514 196 1561 mus
213 1506 323 1563 natum
348 1518 419 1562 esse
439 1518 583 1578 censeas,
602 1536 642 1544 -
663 1504 792 1575 signum
814 1504 846 1560 H
864 1516 928 1562 non
948 1503 1144 1563 inserviebat
1163 1504 1378 1577 designandae

141 1603 226 1679 vocali,
255 1605 311 1664 sed
343 1605 497 1679 spirantis
531 1605 597 1663 vim
629 1605 668 1663 ab
701 1605 792 1664 initio
823 1605 884 1663 sibi
911 1605 1072 1678 propriam
1098 1609 1141 1675 (=
1164 1606 1194 1674 b)
1218 1608 1378 1667 servabat.

142 1702 206 1764 Haec
230 1706 387 1766 scribendi
418 1706 500 1765 ratio
531 1707 564 1765 in
591 1705 700 1765 Attica
725 1720 826 1777 usque
850 1706 889 1764 ad
914 1706 1018 1777 quinti
1042 1707 1164 1765 saeculi
1188 1706 1286 1767 finern
1314 1725 1379 1782 per·-

140 1805 249 1882 duravit,
273 1809 306 1866 in
330 1809 438 1867 Ionica
462 1821 537 1866 vero
556 1807 740 1866 litteratura
761 1806 863 1865 multo
884 1808 1045 1865 maturius
1065 1808 1227 1867 intercidit
1246 1811 1380 1884 spiritus

140 1920 211 1980 asper
237 1913 269 1968 et
300 1923 356 1983 pro
389 1908 509 1969 vocalis
539 1908 631 1981 signo
655 1908 798 1968 adhiberi
821 1910 934 1981 coepta
958 1911 1008 1967 est
1033 1907 1141 1969 littera
1165 1911 1205 1984 H,
1231 1913 1378 1971 attamen

141 2009 292 2081 antiquitus
323 2011 423 2070 etiarn
454 2010 548 2069 Iones
579 2009 639 2069 hoc
662 2009 823 2068 elemento
847 2024 910 2069 non
934 2010 1080 2068 vocalem
1104 2011 1161 2070 sed
1186 2012 1381 2085 spiritumb

142 2109 347 2181 significabant.
386 2112 469 2185 argo
509 2126 572 2183 quo
614 2115 758 2184 tempore
794 2112 942 2171 nomines
977 2111 1076 2170 Ionici
1112 2113 1257 2172 carmina
1292 2115 1382 2188 spica

143 2213 253 2274 seribere
287 2215 471 2292 coeperunt,
506 2213 627 2272 vocalis
659 2220 678 2269 ᾱ
707 2214 765 2272 aut
794 2213 885 2285 signo
910 2216 938 2270 A
968 2214 1025 2272 aut
1055 2214 1147 2286 signo
1172 2216 1199 2270 E
1222 2217 1292 2274 erat
1316 2216 1380 2275 red·

143 2310 235 2375 denda:
266 2316 401 2375 tertium
425 2330 488 2374 non
511 2313 647 2373 dabatur
672 2312 702 2384 ¹).
728 2315 771 2372 At
794 2315 827 2372 in
851 2328 914 2388 ore,
940 2314 967 2372 si
992 2330 1055 2373 non
1079 2315 1379 2388 antiquissimorum

145 2419 294 2490 poetarum,
315 2418 402 2477 certe
422 2418 455 2476 in
475 2416 690 2490 posteriorum
710 2430 774 2489 ore,
796 2416 925 2488 longum
948 2415 1043 2488 alpha
1064 2416 1207 2475 medium
1220 2419 1381 2490 quendam

146 2514 208 2575 inter
232 2519 356 2578 vocales
376 2524 396 2575 τι
419 2522 452 2577 et
474 2523 490 2575 e
513 2532 629 2577 sonum
661 2517 808 2591 babebat,
837 2517 937 2576 talem
961 2517 1027 2577 fere
1051 2518 1181 2590 qualem
1204 2519 1381 2593 piscatores

147 2628 202 2675 orae
222 2623 346 2680 nostrae
375 2620 559 2679 maritimae
579 2619 753 2694 proferunt,
774 2619 978 2678 subsimilem
1000 2619 1047 2678 illi
1067 2635 1164 2692 quern
1184 2636 1262 2680 oves
1284 2621 1382 2680 edunt

147 2713 273 2795 baianas,
296 2735 378 2793 quae
402 2721 509 2780 sintne
529 2719 628 2779 blaten
648 2735 688 2779 an
708 2719 817 2778 bleeten
838 2720 989 2779 dicendae
1009 2720 1095 2792 (gall.
1116 2720 1203 2790 debr)
1221 2724 1383 2782 nostrates
1396 2789 1403 2803 ἵ,

148 2814 266 2881 dubitant
277 2819 309 2891 ²).
323 2823 437 2896 Magna
455 2824 554 2895 igitur
566 2823 782 2882 inconstantia
794 2823 827 2881 in
840 2821 1021 2881 Homericis
1034 2822 1118 2881 hunc
1130 2837 1246 2883 sonum
1261 2825 1344 2897 scrip
1350 2827 1382 2883 to

148 2914 322 2992 designatum
353 2940 436 2998 esse,
468 2939 531 2984 non
561 2927 612 2983 est
642 2925 725 2996 quod
750 2924 920 2996 miremur;
948 2923 1073 2997 proprio
1097 2926 1208 2982 autem
1232 2925 1323 2998 signo
1348 2929 1384 2984 ut

149 3026 232 3087 posset
251 3026 391 3099 indicari,
425 3027 569 3085 vertente
593 3025 722 3085 saeculo
747 3023 818 3084 VH⁰
842 3025 926 3083 inter
950 3024 1076 3083 lonicae
1102 3025 1228 3084 vocales
1254 3030 1382 3100 recepta

149 3121 189 3178 est
205 3125 232 3182 Η
248 3128 362 3188 littera.
387 3128 470 3187 Huic
492 3128 597 3202 lobea,
622 3128 655 3185 iu
678 3126 840 3186 nonnullis
864 3128 951 3185 certe
972 3126 1164 3200 regionibus,
1185 3126 1244 3186 hoc
1264 3143 1384 3187 munus

149 3221 298 3288 tribuerunt
328 3232 364 3289 nt
393 3229 632 3303 significarera
663 3230 816 3304 ionicum,
841 3228 911 3287 sive
934 3230 1051 3287 natura
1074 3244 1134 3286 sua
1158 3228 1290 3301 longum
1315 3231 1384 3289 sive

149 3330 355 3391 exsecutum
386 3336 488 3398 ete-e
520 3332 738 3391 contractione
770 3333 894 3403 ortum;
927 3329 1018 3401 signo
1045 3331 1071 3385 Ε
1105 3344 1180 3388 vero
1211 3331 1386 3404 pergebant

149 3425 252 3491 reddere
275 3434 419 3494 vocalem
442 3438 468 3507 ἒ,
492 3433 561 3493 sive
586 3435 700 3506 suapte
724 3434 840 3492 natura
863 3432 959 3504 longa
983 3434 1070 3490 esset
1090 3431 1159 3489 sive
1180 3432 1385 3505 productione

150 3530 314 3602 suppletores
344 3538 481 3596 extensa
504 3539 547 3606 (τ-
567 3538 612 3603 ει).
645 3535 791 3594 Primum
815 3536 847 3593 in
872 3536 954 3593 hanc
978 3548 1058 3607 rem,
1083 3548 1165 3605 quae
1189 3535 1311 3594 summi
1335 3537 1387 3593 est

153 3710 339 3731 κ*

176 3831 255 3890 ilem
279 3843 391 3890 carmina
415 3842 487 3900 spica
506 3855 535 3888 eo
553 3841 655 3889 demum
679 3845 795 3901 tompore
813 3842 911 3900 scripto
929 3855 985 3887 esse
1004 3841 1123 3886 mandata
1140 3854 1191 3897 quo
1209 3841 1294 3887 littera
1314 3845 1337 3885 H
1355 3840 1387 3885 ad

149 3917 237 3966 vestem
259 3922 451 3981 significandam
478 3922 503 3966 iu
530 3921 616 3967 Ion‘ca
643 3922 788 3967 litteratura
812 3920 928 3966 adhiberi
952 3923 1042 3978 coepta
1071 3923 1147 3974 esset,
1171 3920 1189 3965 ii
1208 3923 1307 3965 tantum
1330 3933 1388 3964 curu

148 3994 306 4049 probabilitatis
333 4001 420 4059 alqua
447 4001 534 4059 specie
560 4001 713 4046 contendere
738 4003 854 4059 ponerent,
872 4000 916 4057 qui
934 3997 1041 4044 Iliadem
1061 4004 1086 4044 et
1104 3999 1243 4055 Odyssearn
1263 3999 1388 4042 Pisistrati

147 4069 201 4120 iussu
222 4080 326 4137 primurn
353 4080 498 4138 descriptas
525 4093 581 4125 esse
607 4080 729 4134 creduut;
756 4080 827 4137 atqui
855 4081 892 4124 sic
919 4080 944 4123 in
969 4080 1060 4133 Attica,
1084 4081 1174 4123 Attea
1193 4079 1271 4136 igitur
1290 4077 1390 4133 litteris,

146 4153 233 4206 Primum
257 4160 385 4219 descripta
411 4160 522 4205 fuissent
544 4161 656 4205 carmina
680 4161 822 4213 Homerica,
844 4163 869 4205 et
887 4160 982 4205 certius
1002 4162 1079 4204 etrum
1098 4163 1167 4204 esset
1184 4157 1209 4202 id
1228 4157 1296 4215 quod
1315 4156 1389 4202 modo

146 4230 318 4287 observavimus.

169 4310 185 4373 ¹)
200 4315 272 4364 Locos
289 4319 386 4366 Cratini
407 4318 449 4374 (ir.
468 4314 512 4379 43)
533 4321 559 4363 st
578 4318 757 4377 Aristophanis
774 4314 816 4379 (ir.
836 4315 904 4379 642),
923 4317 966 4363 ubi
990 4320 1099 4380 aptium
1122 4315 1242 4361 dicuntur
1261 4324 1292 4377 sio
1310 4316 1389 4372 λέγειν,

144 4400 253 4453 esseest
268 4400 363 4446 multos
373 4398 438 4444 alios
448 4398 658 4443 commemoravit
672 4397 747 4443 Blass
760 4397 922 4455 Aussprache
938 4396 984 4442 des
1003 4390 1198 4443 drieenaseheid
1216 4407 1240 4453 p.
1256 4396 1296 4454 26,
1313 4393 1390 4440 verbo

143 4472 238 4531 i<ilignea
254 4479 354 4525 suflicit.
372 4478 412 4524 Ex
430 4476 587 4522 carminibus
606 4477 687 4535 specis
704 4476 830 4522 accedunt
846 4476 946 4533 μηκάόις
963 4470 1031 4532 αἶγες,
1050 4488 1115 4532 quas
1134 4487 1195 4519 num
1213 4473 1275 4518 Ficlr
1297 4473 1392 4518 rectius

139 4555 226 4609 μύκαόας
241 4557 330 4605 dixerit
348 4554 393 4621 (of.
414 4560 441 4602 Ψ
455 4552 499 4619 31)
518 4555 685 4602 vehementer
703 4556 859 4602 dubitamus.

1273 4639 1286 4681 3
