3120 5124
816 374 857 436 26
1400 373 1431 444 [ἓ
1457 375 1477 432 5

203 560 252 619 bis
284 560 366 620 alios
400 562 580 623 deflectitur
605 557 643 637 Ι);
675 563 855 637 comparari
887 561 985 634 igitur
1008 562 1145 636 possunt
1167 560 1314 620 Atticum
1339 557 1479 637 ἰσχνᾶναι

203 668 269 736 (Ar.
298 664 379 723 Rau.
412 664 487 734 941)
523 666 556 724 et
587 664 718 740 similia,
750 679 832 738 quae
862 663 1075 723 Athenienses
1099 662 1247 723 dicebant
1271 663 1329 721 aut
1351 659 1478 721 dixisse

202 768 358 842 feruntur,
390 766 477 840 ipsos
508 767 596 827 euim
627 767 861 839 grammaticos
893 765 1059 825 dubitasse
1090 765 1183 825 utrae
1215 763 1339 824 formae
1368 762 1478 835 magis

203 869 330 929 Atticae
352 868 463 927 essent
486 868 563 927 nota
586 882 639 927 res
662 869 730 942 est;
755 868 794 928 oi.
820 866 945 928 Lobeck
969 866 1140 940 Phrynich.
1165 881 1195 938 p.
1222 865 1264 925 24
1290 880 1359 938 sqq.
1382 859 1420 933 ²).

245 1070 360 1145 Alphe,
396 1070 480 1142 quod
513 1085 574 1130 sue
606 1071 722 1131 natura
753 1070 885 1144 longum
919 1071 980 1146 est,
1015 1069 1048 1128 in
1072 1067 1254 1128 Homericis
1277 1067 1366 1129 reddi
1389 1065 1477 1128 solet

202 1172 305 1233 vocali
328 1193 358 1248 η.
382 1171 417 1232 Ε.
442 1187 491 1246 g.:

580 1270 702 1349 πρήσσω
791 1273 900 1333 Attice
967 1263 1093 1349 πράττω.

580 1373 686 1452 πρῆξις
843 1421 856 1450 ,‚
968 1372 1082 1452 πρᾶξις.

578 1472 691 1553 ἀνιήσω
846 1524 859 1552 „
972 1467 1094 1534 ἆνιᾶσω.

579 1574 702 1655 ἀνιηρός
846 1625 859 1654 „
972 1574 1104 1656 ἀνιᾱρός.

244 1681 381 1741 Multum
415 1682 527 1740 tumen
561 1681 655 1741 abest
686 1682 723 1741 ut
754 1680 808 1741 lex
839 1682 918 1742 haec
949 1681 993 1740 sit
1023 1681 1194 1754 conatuum
1222 1679 1325 1738 immo
1348 1678 1471 1738 temere

198 1783 322 1858 passim
345 1783 513 1855 migratur.
542 1781 751 1856 Repugnant:

242 1886 381 1946 Nomine
411 1885 538 1960 proprie
573 1885 730 1945 feminine
762 1876 833 1943 Ado
869 1887 893 1943 Β
928 1887 1002 1960 585,
1028 1872 1199 1960 Ναυσιιιᾶᾱ,
1215 1877 1290 1942 ‘Pelo
1317 1883 1366 1956 (l),
1399 1870 1472 1939 Φειὰ

199 1989 234 2044 Η
266 1988 339 2061 135,
371 1988 405 2046 et
436 1985 670 2060 appellativum
694 1976 753 2044 θεά
776 1986 827 2055 (ci.
853 1987 870 2055 ἓ
896 1988 959 2062 54),
983 1986 1068 2059 quod
1091 1985 1124 2045 in
1148 1982 1337 2059 compositis
1361 1983 1471 2042 temen

199 2088 237 2148 fit
259 2084 349 2164 adtq:
375 2083 531 2164 Frrdodtq,
553 2083 726 2164 Λευκοθέη,
748 2083 841 2162 ζαθέη
866 2091 906 2158 (Α
930 2088 993 2157 38).

243 2189 420 2249 Masculina
451 2186 583 2265 Αἰνείας,
616 2186 756 2267 Αὐγείας,
783 2181 922 2265 Ἑρμείας
957 2187 1008 2259 (cf.
1036 2189 1054 2256 5
1079 2189 1149 2261 54„
1182 2185 1235 2246 hic
1271 2185 1336 2245 illic
1359 2185 1470 2244 tamen

199 2290 278 2352 locis
302 2290 460 2366 corruptis
484 2289 535 2351 vel
562 2289 681 2365 spuriis
704 2290 862 2363 reperitur
879 2283 1007 2368 Ἑρμέης
1031 2289 1101 2349 sive
1119 2282 1233 2368 Ἑρμῆς
1256 2286 1306 2358 (ci.
1331 2287 1349 2356 ἓ
1374 2286 1436 2356 58).

241 2390 312 2464 teir
335 2407 410 2452 cum
434 2391 624 2467 compositis
646 2390 813 2469 Λᾱοδάμας
836 2389 1013 2469 Λαοδάμεια
1039 2389 1178 2469 Λαοδίκη
1202 2388 1360 2460 Aetnaeae
1390 2391 1471 2447 Λᾱο-

197 2491 259 2571 θόη
280 2490 448 2570 Λαομέδων
469 2489 608 2573 Λᾱέριιης
636 2489 772 2571 Λᾱέριης
792 2490 935 2563 λαοσσόος
946 2491 1095 2572 λᾶοφόρος
1108 2488 1240 2572 Ἀγέλαος
1253 2486 1417 2561 Μενέλαος.
1429 2521 1470 2531 -

197 2596 353 2656 Attamen
386 2593 508 2657 vocalis
542 2615 561 2669 η
591 2594 749 2669 reperitur
780 2595 814 2654 in
844 2592 967 2671 Λήιτος,
997 2595 1030 2655 et
1061 2609 1166 2654 errore
1188 2591 1377 2667 posterioris
1399 2589 1471 2651 aevi

197 2697 331 2757 evanuit
364 2712 381 2756 e
416 2695 601 2756 nominibus
630 2694 810 2772 Λειώκριτος
852 2697 885 2756 et
918 2693 1067 2772 Λειώδης,
1107 2694 1169 2768 leg.
1205 2692 1373 2772 Ληόιιριιας
1413 2693 1470 2752 aut

196 2796 362 2875 Λαόιιριιας
393 2800 415 2868 ³)
447 2800 481 2858 et
518 2796 651 2875 Ληώδης
686 2797 738 2858 vel
772 2799 879 2872 potius
913 2796 1090 2875 Auofddeg.
1122 2831 1162 2840 -
1194 2797 1311 2857 Poetae
1345 2795 1472 2856 Ionicos

231 2953 251 3022 ¹)
268 2958 339 3004 Mero
365 2960 451 3004 tamen
477 2969 539 3004 casn
563 2957 610 3004 has
630 2958 727 3004 formas
749 2957 775 3003 in
793 2960 892 3004 textum
910 2958 1075 3005 Homericum
1093 2958 1228 3017 irrepsisse
1247 2969 1278 3002 ex
1298 2954 1410 3002 dialecto
1427 2954 1471 3000 At·

196 3037 255 3096 tica,
281 3050 339 3084 oum
366 3036 424 3084 aliis
450 3036 514 3083 locis
539 3037 675 3096 permultis
701 3039 818 3084 servatae
840 3038 892 3083 sint
915 3037 1013 3084 formae
1035 3037 1146 3091 Ionicae,
1162 3036 1227 3083 eatis
1245 3038 1343 3083 certum
1360 3034 1471 3081 videtur.

196 3115 328 3162 Hactenus
353 3115 432 3175 igitur
458 3117 613 3163 assentimur
638 3116 735 3163 cobeto
761 3116 885 3163 Mnemos.
910 3117 946 3163 xl
969 3128 994 3175 p.
1013 3118 1059 3164 311
1086 3115 1221 3162 scribenti:
1241 3128 1306 3169 „non
1331 3115 1371 3161 est
1388 3113 1472 3161 forma

199 3195 273 3255 opica
292 3193 416 3259 indpuffl.

229 3270 252 3336 ⁸)
269 3275 417 3333 Bragmanu
443 3273 545 3322 Grieob.
570 3275 729 3322 Grammatilr
750 3275 764 3335 θ
783 3276 814 3322 58
832 3276 897 3322 hano
914 3289 970 3322 rem
987 3275 1024 3322 ita
1044 3275 1148 3335 expedit
1163 3276 1193 3321 ut
1210 3274 1279 3321 dicat
1296 3274 1405 3320 formem
1423 3264 1472 3332 ιᾶς,

196 3366 227 3400 ex
244 3346 298 3407 eder
315 3356 409 3414 natam
427 3353 531 3413 longum
549 3367 625 3401 snum
644 3354 721 3414 alpha
734 3357 790 3416 post
809 3355 854 3402 iila
872 3358 989 3415 tempora
1006 3355 1110 3402 demum
1129 3355 1260 3415 accepisse
1284 3353 1380 3413 quibus
1396 3364 1472 3399 roos·

196 3432 247 3478 lem
264 3442 279 3478 ᾱ
297 3433 323 3479 in
343 3451 355 3492 q
371 3434 508 3480 mutabant
523 3432 601 3480 Iones
619 3439 645 3480 et
662 3434 749 3491 Attici,
766 3435 890 3481 aoristum
907 3448 969 3481 vero
987 3437 1157 3493 ὶτιιιιαιαάμρι
1174 3436 1230 3481 ants
1248 3431 1314 3479 illud
1336 3444 1429 3478 aevum
1445 3431 1472 3477 iu

195 3515 349 3572 ιιιιαᾱιάμηι
374 3515 401 3558 et
417 3513 477 3559 hine
494 3513 521 3559 in
538 3516 693 3574 ιιικτριάμρν
711 3513 815 3561 abiisse.
835 3514 956 3574 Speciosa
974 3527 1035 3561 sane
1054 3513 1199 3573 explicatio,
1222 3514 1264 3561 cui
1281 3515 1368 3560 tamen
1385 3511 1472 3558 miuus

195 3590 281 3638 favere
303 3591 405 3638 ridetur
425 3591 514 3651 lingna
540 3593 653 3648 Homeri,
675 3595 745 3641 certe
768 3590 870 3652 qualem
888 3607 920 3641 ex
938 3593 1013 3640 libris
1031 3606 1088 3640 eam
1105 3594 1236 3649 novimum
1254 3593 1281 3639 iu
1298 3591 1340 3639 hie
1358 3591 1427 3637 enim
1445 3591 1472 3637 et

194 3663 235 3724 ede
251 3670 345 3729 legitur
362 3673 388 3717 et
405 3671 494 3717 aoristi
511 3671 589 3717 κέλσαι
607 3673 711 3735 ceipene
730 3672 800 3736 dpoer
819 3675 866 3718 etc.
885 3673 1058 3732 reperiuntur,
1077 3674 1103 3718 et
1119 3673 1175 3719 veri
1192 3673 1270 3731 igitur
1288 3673 1329 3719 est
1345 3670 1471 3718 dissimile

194 3749 302 3796 eoristoe
320 3752 380 3808 ἰῆλαι
398 3755 502 3814 καθῆραι
521 3752 570 3796 eto.
589 3753 673 3797 aetate
691 3763 814 3809 superare
838 3751 976 3798 assumtiri
1002 3751 1112 3798 formam
1130 3744 1176 3804 τάς.
1194 3751 1221 3798 Hi
1238 3751 1270 3798 de
1287 3750 1350 3798 solis
1368 3749 1470 3797 aurietis

195 3827 222 3873 in
247 3835 309 3886 -qvor
336 3832 463 3888 ageretur,
491 3828 567 3875 leode
594 3829 817 3888 acquiesceremus
839 3830 865 3875 in
882 3830 1040 3889 Brugmanni
1061 3830 1189 3891 opinione,
1208 3830 1256 3877 hos
1272 3829 1342 3876 enim
1359 3828 1420 3877 inde
1437 3827 1470 3875 ab

194 3907 380 3966 antiquissimis
405 3909 565 3968 temporibus
587 3909 613 3954 in
640 3909 748 3956 Graecia
773 3909 886 3955 litteram
913 3910 995 3969 sigma
1022 3910 1139 3957 amisisse
1164 3909 1287 3957 credibile
1311 3911 1364 3964 est;
1384 3906 1469 3956 sedsi

195 3986 360 4034 Homericum
383 3991 422 4034 eet
438 3987 516 4052 dpcar.
540 3988 617 4034 etiam
635 3988 746 4035 formam
765 3991 886 4053 antipam
902 3989 972 4037 haud
986 3990 1023 4036 its
1038 3989 1083 4035 diu
1100 3991 1159 4036 ante
1177 3991 1288 4036 aetatem
1305 3987 1469 4037 Homericam

195 4063 221 4110 in
251 4065 383 4112 hominnm
414 4079 458 4113 ore
490 4067 614 4127 extitisse,
639 4067 748 4115 fortasse
775 4068 824 4127 ipsi
847 4082 950 4129 qnoque
975 4070 1088 4116 Homero
1115 4069 1278 4115 tribuendam
1304 4081 1371 4126 esee,
1399 4068 1469 4116 haud

194 4143 281 4203 inepte
298 4145 427 4192 statueris.
445 4146 519 4193 Licet
536 4149 622 4193 tamen
640 4148 677 4193 ita
694 4147 732 4193 uti
749 4148 907 4207 Brugmanui
930 4149 1116 4209 observatione,
1135 4151 1165 4195 nt
1181 4148 1215 4194 ad
1233 4147 1301 4194 solos
1318 4148 1427 4194 aoristos
1443 4147 1469 4194 in

195 4230 257 4281 -qvar
282 4220 377 4287 (neque
404 4226 461 4285 ipse
487 4226 519 4272 de
546 4226 603 4272 aliis
628 4226 645 4272 l.
664 4227 680 4272 l.
704 4227 828 4287 loquitur)
852 4242 908 4276 eam
932 4229 1060 4287 pertinere
1079 4227 1204 4290 dicamus,
1221 4228 1254 4274 ed
1272 4228 1364 4274 horum
1383 4230 1468 4274 autem

195 4302 337 4361 analogiam
364 4304 486 4352 formatos
511 4319 568 4352 esse
592 4305 701 4353 aoristos
723 4306 912 4354 radicamini
931 4308 971 4355 vel
990 4327 1003 4369 ρ
1022 4308 1180 4368 exeuntium,
1199 4305 1469 4353 dumiudesuetndi·

195 4395 252 4427 nem
272 4381 377 4429 ebibaut
396 4384 493 4431 formae
511 4385 538 4431 in
556 4390 611 4432 ·λσα
629 4387 655 4432 et
672 4402 729 4450 ·ρσα
748 4381 791 4449 (cf.
810 4387 871 4434 ibid.
889 4388 903 4446 ᾗ
922 4383 989 4449 131).

230 4455 250 4518 ³)
269 4461 367 4509 Revera
392 4466 523 4529 Λαόκριιας
545 4464 689 4524 Penelopes
712 4465 754 4512 hic
777 4478 872 4525 procus
888 4471 994 4513 vocatur
1011 4466 1038 4513 in
1056 4465 1208 4527 fragmentis
1226 4466 1362 4515 Sabaitiois
1378 4464 1468 4514 biblio·

195 4537 284 4588 theoae
300 4540 459 4603 Apollodori,
479 4541 530 4590 vid.
549 4542 640 4592 Rhein.
659 4544 724 4592 Mus.
745 4546 807 4592 1891
826 4558 851 4607 p.
871 4546 926 4595 179.
