3120 5124
142 429 260 508 §mu
746 439 810 497 om

143 624 212 700 etc,
244 637 308 696 quo
340 622 410 696 loco
433 622 504 683 libri
529 622 626 685 Chius
657 625 690 684 et
713 625 934 686 Massaliensis
957 619 1017 701 ἠύτ’
1044 621 1130 703 ὄρενς
1153 626 1323 700 habebant,
1348 641 1412 686 me·

142 725 203 784 lius
238 725 266 785 si
300 725 508 801 sententiam,
544 727 600 787 sed
634 727 734 787 nihilo
765 728 874 788 minus
905 728 1079 802 depravate
1110 727 1138 786 si
1162 727 1411 800 grammaticam

141 828 280 903 spectas,
315 841 393 887 nam
429 827 618 888 Homericos
652 843 716 888 non
746 844 819 889 esse
850 829 1009 902 genitivos
1039 829 1073 888 in
1104 847 1168 898 -ινς
1197 828 1320 902 optimo
1343 828 1411 888 iure

142 928 327 990 observavit
356 929 582 1002 Aristarchus;
612 945 689 990 vera
712 930 839 991 videtur
861 930 957 991 lectio
980 945 1079 1003 quarn
1102 930 1234 1004 praebet
1258 928 1349 990 Vind.
1374 928 1414 1000 ὥς

142 1026 160 1090 ι’
187 1027 280 1110 ὄρεος,
301 1046 401 1104 quarn
424 1032 487 1091 nisi
510 1032 694 1108 recipimus,
727 1033 858 1106 gravius
887 1033 1004 1093 vitium
1027 1033 1079 1091 hic
1102 1031 1203 1091 latere
1226 1032 1413 1091 statuamus

141 1148 274 1195 necesse
304 1138 371 1207 est;
405 1135 469 1195 vid.
501 1131 521 1210 ξ
547 1136 587 1194 73
611 1150 682 1208 pag.
708 1136 782 1195 222.
815 1135 936 1196 Eodem
961 1134 1039 1195 vitio
1062 1134 1186 1194 laborat
1213 1136 1239 1192 Τ
1260 1134 1334 1210 386,
1358 1133 1413 1193 uhi

142 1235 179 1295 ds
213 1234 316 1295 armis
350 1234 486 1294 Achillis
517 1235 635 1296 divinis
667 1236 785 1296 dicitur
814 1246 852 1318 τῷ
878 1230 905 1295 δ’
932 1227 996 1295 εὖτε
1019 1232 1110 1313 ιιιερὰ
1129 1228 1257 1314 ’γίγνετ’,
1279 1229 1357 1312 ἄειρε
1382 1229 1415 1293 δὲ

141 1331 268 1413 ποιμένα
286 1339 377 1412 λαῶν,
391 1336 549 1410 quosdam
569 1339 680 1398 autem
693 1337 792 1398 libros
803 1338 882 1399 olim
901 1331 1001 1396 τῶνδ’
1018 1326 1088 1396 αὖτε
1100 1337 1263 1413 habuisse,
1276 1335 1413 1396 Aristar-

141 1437 239 1497 chum
263 1452 348 1513 vero,
379 1453 453 1498 cum
484 1438 573 1513 prius
604 1439 637 1498 in
670 1439 801 1512 vulgata
823 1440 1051 1513 acquievisset,
1083 1439 1196 1499 deinde
1226 1447 1265 1520 τῷ
1289 1432 1317 1496 δ’
1344 1427 1414 1497 αὖτε

141 1539 321 1615 scripsisse,
342 1539 533 1613 particulam
554 1535 594 1611 ὡς
614 1542 724 1600 mente
737 1541 952 1617 supplentem,
965 1541 1082 1601 docent
1092 1539 1231 1613 scholia;
1244 1539 1328 1612 quod
1341 1555 1413 1613 quo·

141 1641 230 1700 niam
253 1639 515 1701 infelicissimum
539 1643 591 1701 est
609 1642 789 1704 remedium
805 1643 972 1703 —omitti
992 1642 1079 1703 enim
1103 1658 1166 1703 non
1190 1643 1295 1717 potuit
1317 1637 1357 1713 ὡς
1380 1642 1414 1702 in

141 1742 199 1802 tali
231 1743 394 1803 sententia
419 1776 458 1786 —
483 1759 586 1817 neque
618 1734 688 1804 αὖτε
719 1747 793 1818 apte
817 1746 924 1818 potest
947 1743 1112 1819 explicari,
1135 1759 1195 1804 nos
1217 1743 1415 1804 coniecimus

141 1840 211 1920 ἠύτε
236 1839 268 1903 δὲ
290 1837 366 1903 νιιέ’
392 1838 529 1924 ἕγίγνει’;
552 1861 635 1919 quae
658 1846 687 1906 si
710 1847 761 1907 cui
785 1847 936 1907 audacior
960 1846 1111 1906 minusve
1133 1845 1308 1921 probabilis
1331 1845 1414 1906 vide·

139 1948 193 2004 tur
217 1945 411 2022 coniectura,
435 1961 510 2006 cum
534 1947 749 2022 Aristophane
773 1948 860 2021 legat
882 1957 921 2031 cp
947 1941 977 2006 δ’
1004 1946 1043 2019 ὥς
1066 1968 1096 2007 τε
1119 1944 1210 2026 πτερὰ
1227 1940 1354 2027 ’νιγνειῖ

185 2047 264 2107 Post
286 2048 545 2122 comparativum
568 2048 801 2110 collocatumA
822 2051 884 2110 277
910 2047 1086 2128 μελάντερον
1106 2046 1175 2127 ἠύτε
1196 2047 1287 2107 πίσσα
1307 2063 1415 2123 suspe-

141 2151 231 2209 ctum
255 2151 306 2209 est
336 2145 417 2226 ἠύτε,
444 2148 499 2209 uhi
528 2150 743 2230 probabiliter,
763 2147 797 2228 ἠέ
819 2171 849 2210 τε
872 2151 1008 2210 coniecit
1031 2151 1174 2225 Bekker3
1198 2149 1261 2210 nisi
1285 2149 1416 2225 positivi

139 2251 248 2312 locum
273 2251 340 2312 obit
362 2249 538 2329 μελάντερον
561 2251 621 2311 hoc
643 2251 713 2312 loco
737 2252 787 2322 (ci.
812 2253 830 2322 5
855 2254 896 2312 88
921 2267 992 2327 pag.
1018 2253 1102 2320 246).

188 2418 239 2477 17.
264 2413 308 2493 φή
336 2432 390 2476 ceu
421 2417 445 2474 Β
471 2417 532 2476 144
559 2410 687 2493 ’κινήθη
719 2410 747 2474 δ’
773 2412 866 2496 ἀγορὴ
899 2413 942 2493 φὴ
974 2415 1091 2492 κύματα
1121 2413 1220 2495 μακρὰ
1250 2415 1415 2494 θαλάσσης,

139 2519 173 2578 et
197 2513 305 2582 5499
329 2512 345 2577 ὃ
369 2513 401 2577 di
424 2514 468 2594 φὴ
492 2514 620 2577 κώδειαν
639 2514 776 2595 ἀνασχὼν
796 2512 801 2598 l
818 2512 965 2596 ’πέφραδέ
987 2538 1016 2577 τε
1039 2516 1168 2598 Τρώεσσι
1191 2514 1242 2577 καὶ
1259 2514 1416 2595 εὐχόμενος

139 2615 235 2690 finos
270 2615 358 2696 ηὔδα.
393 2619 608 2681 Posteriorem
643 2618 750 2679 locum
785 2620 1005 2694 Aristarchus
1038 2621 1090 2679 cui
1121 2617 1165 2697 φή
1194 2618 1352 2694 particula
1376 2620 1415 2679 ab

139 2721 231 2795 opica
254 2720 392 2783 dictione
415 2721 522 2782 aliena
546 2721 723 2797 videbatur,
748 2722 834 2782 male
857 2722 904 2781 ita
926 2721 1208 2795 interpretabatur,
1232 2722 1269 2780 ut
1291 2727 1335 2798 φῆ
1358 2736 1415 2795 pro

140 2823 239 2884 verbo
269 2825 347 2884 dixit
375 2813 518 2900 haberet,
550 2838 682 2884 versum
714 2826 778 2884 500
810 2826 921 2886 autem
949 2824 1087 2897 deleret;
1119 2822 1223 2896 priore
1247 2836 1323 2881 vero
1346 2821 1415 2883 loco

138 2939 197 2999 pro
220 2923 275 3001 φή,
296 2925 379 2999 quod
399 2925 432 2986 in
452 2925 605 2986 Zenodoti
630 2927 700 2986 erat
723 2926 873 3001 editione,
893 2925 1101 2986 Aristarchus
1122 2924 1250 2997 legebat
1270 2919 1310 2995 ὡς
1322 2924 1417 2997 idque
1543 2924 1546 2931 “

139 3027 362 3102 manuscripta
392 3027 545 3087 hodierna
575 3027 729 3101 praebent
760 3029 879 3088 omnia.
912 3028 1012 3088 Multo
1043 3028 1155 3086 tamon
1180 3027 1231 3086 est
1258 3026 1414 3086 verisimi-

138 3127 203 3186 lius
238 3141 369 3188 cascam
402 3127 596 3202 particulam
632 3126 686 3203 φή,
721 3144 819 3202 quam
855 3126 884 3194 :t
911 3132 974 3190 499
1010 3130 1153 3189 metrum
1189 3129 1221 3188 et
1254 3127 1418 3187 sententia

138 3231 282 3306 tuentur,
306 3230 521 3304 posteriorum
544 3229 669 3290 incuria
692 3231 717 3288 Β
743 3233 804 3290 144
830 3231 863 3291 in
890 3231 1060 3304 vulgatum
1084 3228 1164 3289 illud
1188 3224 1227 3299 ὡς
1251 3243 1324 3290 esse
1347 3244 1415 3289 mu·

140 3331 246 3390 tatem
278 3346 375 3404 quam
406 3347 484 3392 casu
516 3333 573 3391 aut
597 3348 703 3392 errore
725 3331 802 3392 illuc
824 3333 1004 3408 irrepsisse.
1029 3330 1262 3391 Antimachum
1287 3331 1418 3405 perinde

139 3433 238 3506 atque
269 3433 469 3494 Zenodotum
504 3431 532 3497 Ξ
558 3435 622 3494 499
659 3433 777 3507 legisse
811 3432 855 3511 φή
887 3451 951 3510 ceu,
983 3434 1076 3494 docet
1107 3431 1177 3492 eius
1208 3431 1349 3493 imitatio
1373 3429 1416 3509 φὴ

139 3531 290 3612 γεράνοισι
313 3534 386 3606 (vid.
411 3535 511 3596 schol.
536 3537 575 3595 ad
599 3537 773 3608 utrumque
798 3535 926 3605 locum).

661 3748 903 3757 ——-—.

636 3912 927 3999 CAPUTIH.

588 4066 638 4122 De
659 4067 980 4124 coniunctionibus.

185 4228 299 4313 5325.
327 4233 352 4293 ll
372 4235 661 4312 coniunctionibus,
682 4251 764 4310 quae
786 4239 1008 4299 coordinandis
1029 4239 1210 4299 enunciatis
1223 4238 1415 4313 inserviunt,

149 4337 445 4398 commemorandae
469 4340 563 4400 suut:

190 4481 851 4564 1,ἠμὶν...ἠὸε’ἑ1...ἑι,σιιιιι...1ιιιιι.

239 4607 318 4649 ιι...
342 4608 372 4648 ιε
395 4604 618 4666 ·que...·que.
