3120 5124
657 416 720 478 577

279 600 377 683 ὄψεαι,
398 600 437 683 ἢν
460 600 613 687 ἐθέλῃσθα
635 601 687 664 ιιαλ
708 602 746 663 αἴ
762 601 814 664 ιιὲν
836 626 881 665 τοι
902 602 939 664 τὰ
960 601 1085 690 μεμήλῃ,

277 697 328 786 ἦρι
351 699 414 784 μάλ’
436 700 657 783 Ἑλλήσποντον
679 700 722 766 ἐνί
746 705 906 786 ἰχθυόεντα
928 707 1074 780 πλεούσας

278 816 354 887 νῆας
378 804 459 886 ἐμὰς,
481 806 513 867 ἐν
536 801 565 868 δ’
592 804 704 887 ἄνδρας
729 805 914 888 ἐρεσσέμεναι
937 817 1101 886 μεμαῶτας.

100 911 188 988 Quae
208 911 335 973 soloeca
353 901 431 972 sunt
450 911 484 970 et
503 909 716 985 incomposite
735 910 831 988 dicta,
851 910 932 970 nihil
951 911 1040 972 enim
1060 912 1111 972 esi
1125 912 1330 988 participium

55 1013 133 1074 illud
153 1011 341 1073 absolutum
357 1011 481 1073 scillcet
504 1009 629 1088 νηήσας,
651 1012 735 1085 quod
758 1013 799 1073 ad
821 1012 981 1073 Achillem
1006 1013 1060 1086 qui
1080 1013 1222 1087 loquitur
1244 1029 1330 1090 spec·

55 1119 126 1176 tare
149 1114 254 1192 debet,
278 1113 348 1189 sed,
378 1114 417 1173 ut
435 1128 520 1174 nunc
541 1112 638 1173 habet
665 1114 848 1190 contextus,
869 1114 910 1174 ad
937 1129 1013 1175 eum
1040 1129 1140 1187 quem
1158 1115 1332 1190 alloquitur

55 1218 189 1279 Ulixem
219 1219 271 1277 est
295 1216 509 1276 referendum.
542 1215 624 1292 Quid
654 1216 756 1276 lateat
783 1215 853 1291 ipse
881 1216 1035 1277 indicabit
1066 1217 1238 1279 Homerus.
1262 1218 1332 1279 Non

56 1333 170 1380 omnes
201 1333 281 1379 suae
310 1317 426 1379 classis
455 1331 557 1378 naves
588 1317 731 1377 Achilles
759 1317 828 1392 ipse
852 1319 1127 1393 estoneraturus,
1151 1319 1332 1380 sedunam

55 1420 147 1481 illam
170 1422 204 1480 in
228 1434 291 1492 qua
314 1433 391 1494 opes
413 1432 491 1478 suas
521 1417 619 1478 habet
652 1417 815 1478 collectas.
839 1417 931 1478 Hanc
953 1417 1165 1493 impleturum
1186 1421 1328 1482 sedicit.

55 1522 166 1596 Neque
198 1520 298 1581 aliam
327 1520 553 1592 Agamemnon
574 1520 778 1594 spectaverat
802 1534 878 1580 cum
908 1520 988 1580 haec
1019 1520 1136 1594 legatis
1161 1522 1331 1583 mandaret

55 1623 234 1706 (rs.13‘l):

235 1730 309 1801 νῆα
330 1721 418 1794 ,Ράλις
441 1729 552 1803 χρυσοῦ
575 1720 627 1783 καλ
648 1725 758 1801 χαλινοῦ
781 1721 871 1794 (αόο)
894 1721 1070 1801 νηησάσθω,
1096 1765 1099 1773 ·

56 1840 139 1899 quae
174 1824 291 1885 lisdem
326 1823 439 1884 deinde
470 1823 577 1884 verbis
607 1823 722 1885 Ulixes
753 1823 872 1884 Achilli
901 1824 1028 1885 rettulit
1060 1830 1119 1896 (vs.
1152 1828 1237 1898 279).
1263 1829 1332 1890 Hoc

54 1928 153 2001 igliur
187 1925 385 2002 promissum
420 1926 551 2000 respicit
585 1925 738 2002 Achilles,
777 1941 853 1987 cum
887 1927 1116 1988 stomachosus
1149 1931 1331 2003 retorquet:

62 2028 162 2105 „nihil
196 2042 272 2089 curo
305 2042 382 2102 opes
417 2026 533 2100 quibus
568 2028 701 2089 Atridae
739 2042 850 2088 meam
884 2043 1003 2088 narem
1039 2030 1262 2092 cumulaturos
1296 2048 1332 2092 se

59 2131 187 2205 dicunt;
226 2130 296 2204 ipse
330 2144 404 2189 eam
438 2128 596 2203 impleb0;
631 2129 734 2190 habeo
768 2143 850 2203 quae
884 2129 1060 2206 imponam,
1091 2130 1213 2192 dudum
1244 2132 1333 2194 hisce

59 2233 143 2293 meis
166 2230 317 2292 manibus
341 2245 478 2303 meoque
502 2230 617 2292 sudore
640 2233 750 2306 parta;
775 2230 868 2305 plura
890 2246 953 2291 non
977 2232 1140 2306 desidero;
1168 2232 1335 2295 sufficiunt

60 2331 156 2410 ἅμοί
185 2331 244 2392 ἔστι
273 2335 336 2415 θοῇ
366 2327 448 2410 παρὰ
478 2330 532 2409 νηῒ
560 2330 682 2414 μελαίνῃ
706 2335 746 2403 (Α
769 2332 854 2403 300).
880 2330 959 2393 Cras
977 2348 1095 2395 narem
1115 2349 1236 2412 meam,
1261 2351 1333 2396 cun·

61 2435 123 2495 ctis
145 2450 227 2508 quae
250 2433 398 2511 possideo
421 2436 599 2510 oneratam,
624 2435 810 2510 protraham
832 2435 866 2494 in
887 2448 977 2495 mare
1000 2436 1034 2495 et
1053 2435 1187 2497 domum
1206 2436 1332 2499 redibo:

239 2533 353 2613 νηήσας
377 2531 410 2594 ἐὺ
434 2541 509 2612 νῆα
532 2532 631 2612 ἐμὴν
654 2533 744 2595 ἅλαδε
767 2535 995 2614 προλερύσσιο”.
1020 2569 1060 2579 -

59 2637 180 2699 Deinde
211 2651 332 2698 novam
364 2635 453 2697 addlt
483 2637 692 2714 sententiam,
725 2652 799 2698 cum
822 2637 1088 2712 praecedentibus
1118 2652 1181 2697 non
1205 2638 1331 2698 coniun-

65 2741 163 2816 ctam,
187 2753 270 2812 quae
295 2752 315 2798 a
338 2737 474 2798 famosis
496 2736 562 2797 illis
590 2733 699 2812 ,ὄψεαι
720 2731 759 2815 ἣν
782 2733 956 2820 tellure&
980 2737 1102 2812 incipit.
1129 2741 1149 2808 ¹)

102 2967 253 3028 Alterum
277 2964 466 3040 exemplum
488 2965 521 3025 ln
546 2963 660 3024 eodem
686 2962 767 3023 libro
791 2964 884 3024 extat
908 2964 928 3021 l
948 2962 1030 3023 304:

169 3074 228 3127 νῦν
250 3064 306 3146 γάρ
329 3057 483 3143 χ’Ἒιιιορ’
509 3060 596 3141 ἕλοις,
618 3061 632 3124 ἒ
640 3061 704 3124 πελ
728 3060 774 3122 ἂν
798 3063 877 3141 μάλα
900 3085 944 3124 τοι
967 3061 1071 3143 σχεδὸν
1096 3061 1180 3148 ἔλθῃ.

63 3169 111 3232 Sic
132 3171 167 3231 ln
190 3167 254 3230 ilns
284 3166 467 3242 praeclarae
499 3165 704 3227 allocutionis
735 3165 850 3226 Ulixes
878 3164 1040 3226 Achillem
1064 3165 1260 3244 cohortatur,
1282 3169 1334 3229 ad·

62 3271 193 3332 modum
225 3269 338 3330 temen
371 3267 511 3328 insulse:
550 3281 655 3343 ,ιιιιιιο
687 3265 849 3327 Hectorem
873 3269 959 3342 polee
990 3282 1148 3343 occupare,
1183 3269 1211 3328 si
1245 3270 1335 3330 modo

57 3373 187 3448 propius
217 3370 260 3431 cd
289 3373 315 3429 le
341 3369 474 3444 accedat,
501 3400 541 3411 -
565 3369 598 3428 in
622 3368 739 3442 quibus
763 3367 897 3428 ridicule
922 3368 1006 3428 inter
1029 3384 1065 3429 ee
1088 3371 1233 3443 pugnant
1255 3370 1335 3432 illud

61 3487 144 3534 οαιιο
176 3472 209 3533 et
238 3471 318 3531 illud
347 3471 384 3531 si.
415 3470 539 3545 Itaque,
573 3471 611 3529 ut
643 3470 694 3529 est
724 3469 808 3545 apud
839 3469 1020 3545 Platonem,
1043 3476 1149 3529 τοῦτον
1171 3468 1223 3530 τὸν
1246 3470 1335 3551 λόγον

60 3568 170 3651 ἀμείνω
193 3567 232 3630 ἂν
255 3566 395 3649 γενέσθαι
418 3561 500 3647 οἶμαι
524 3568 613 3641 εἴτις
637 3566 669 3629 τὸ
692 3568 766 3645 „sl”
788 3565 894 3643 ἀφέλοι
914 3567 1016 3629 αὐτοῦ.
1036 3569 1106 3630 Non
1119 3571 1202 3631 dixit
1219 3572 1334 3635 Ulixes

57 3675 142 3749 quod
167 3673 289 3734 dixisse
320 3672 432 3748 fertur,
456 3671 513 3731 sed
538 3667 602 3730 ἐπεί
622 3672 733 3732 nostro
756 3671 826 3732 loco
850 3669 1032 3744 significare
1057 3671 1151 3733 debet
1173 3676 1334 3752 quoniam,

56 3776 167 3838 aliena
196 3774 296 3849 igitur
327 3771 533 3835 asententia
556 3773 607 3833 est
633 3772 793 3848 particula
819 3771 1048 3833 condicionalis
1078 3768 1116 3830 liv
1143 3774 1196 3834 vel
1223 3796 1275 3836 κεν
1301 3774 1334 3847 ²).

54 3874 195 3939 Poetam
218 3875 345 3937 dedisse
369 3889 503 3936 censeo:

91 4180 113 4249 ¹)
130 4183 204 4231 Inter
220 4196 248 4230 ee
266 4182 388 4229 conlundi
406 4182 490 4231 solere
507 4183 607 4230 litteras
625 4189 653 4230 Π
667 4186 694 4231 et
711 4185 744 4230 M
759 4196 835 4231 nemo
849 4183 939 4243 nescit,
954 4182 1087 4230 lenissima
1101 4184 1180 4242 igitur
1198 4186 1239 4231 est
1255 4196 1333 4244 quem

55 4263 189 4324 proposui
214 4259 345 4309 comestio.
371 4261 461 4322 Neque
486 4262 573 4309 hiatus
597 4262 624 4309 in
646 4275 752 4310 onosma
776 4262 904 4309 admissus
926 4275 968 4309 me
985 4264 1073 4324 terret,
1090 4262 1152 4309 licet
1171 4264 1226 4310 crte
1243 4263 1334 4310 cohes-

49 4345 133 4391 ποιοί
150 4353 227 4389 voces
243 4346 286 4399 vlle
304 4340 331 4386 ei
347 4341 409 4400 λμήι.
427 4342 517 4401 Itaque
535 4347 590 4400 νῆας
606 4342 663 4400 lade
679 4341 766 4389 mlnus
784 4341 925 4402 probabilis
942 4341 1044 4389 ridetur
1058 4341 1215 4389 coniectura.

92 4421 115 4484 ¹)
133 4421 183 4468 incl
208 4420 238 4468 dv
263 4415 328 4492 (W
332 4416 354 4483 ,1,
360 4419 369 4482 )
386 4420 488 4467 nonnisi
505 4420 554 4466 hoc
571 4419 628 4466 loco
644 4422 672 4467 ei
687 4426 709 4467 Ζ
727 4421 776 4468 412
795 4420 902 4479 logicum
919 4419 982 4466 alibi
1000 4422 1045 4468 ant
1062 4423 1119 4479 inis
1136 4421 1183 4468 eui
1198 4424 1248 4467 luel
1265 4415 1334 4485 ιιι(ι).

50 4495 109 4548 1110
132 4500 190 4548 loco
217 4501 239 4548 ul
262 4517 301 4547 m
327 4499 505 4557 corrigendum
531 4497 646 4555 videtum
669 4499 702 4545 oi.
725 4499 792 4546 inira
816 4512 874 4558 pag.
893 4498 950 4545 588.
968 4523 1001 4533 -
1018 4498 1100 4546 Simili
1127 4499 1208 4546 errori
1225 4498 1335 4546 debetur

52 4577 123 4647 ὄφρα
139 4598 165 4628 ιιι
182 4591 230 4640 pro
247 4578 310 4645 λφμο
327 4582 352 4625 X
370 4578 427 4626 882.
