3120 5124
138 420 157 498 e
181 425 258 495 aaa]
743 425 808 486 soe

139 608 224 671 bulis
258 610 410 671 interseri
443 613 589 686 possunt.
621 613 734 687 Itaque
767 628 808 673 ns
839 614 976 675 metrica
1008 615 1138 688 quidem
1170 630 1270 676 causa
1299 617 1412 690 poetas

140 711 247 784 epicos
270 709 403 774 movere
424 713 530 788 potuit
552 715 591 773 ut
613 716 671 775 aut
693 710 732 773 dv
756 716 814 776 aut
836 736 887 774 κεν
911 716 1038 777 aliunde
1062 717 1288 778 adsciscerent.

184 915 247 977 Sed
278 916 339 992 fac,
371 916 519 976 homines
549 933 622 978 esse
653 919 722 979 tam
753 920 849 980 duros
880 921 914 979 et
943 919 1138 996 pervicaces,
1171 921 1209 979 ut
1241 920 1303 996 his,
1331 934 1414 993 quac

140 1018 263 1078 invicta
285 1018 366 1078 mihi
388 1018 548 1094 videntur,
569 1021 770 1092 argumentis
790 1019 888 1080 tidem
908 1021 1103 1094 denegantes
1123 1022 1282 1096 poeticam
1302 1024 1414 1082 tamen

140 1120 250 1181 nescio
284 1134 384 1194 quam
414 1119 581 1181 licentiam
610 1121 662 1181 hic
697 1123 784 1182 cerni
815 1123 1006 1183 contendere
1038 1124 1182 1199 pergant,
1215 1124 1286 1184 sive
1317 1124 1414 1184 metri

142 1237 242 1282 causa
260 1222 332 1282 sive
354 1236 544 1294 quacunque
566 1224 605 1284 de
630 1237 729 1283 causa
751 1223 931 1284 admissam
955 1257 996 1267 -
1021 1240 1062 1285 ne
1084 1225 1132 1286 sic
1156 1225 1287 1299 quidem
1305 1226 1414 1286 obmu-

141 1325 319 1400 tescemus,
350 1325 406 1385 sed
436 1324 683 1398 provocabimus
713 1326 754 1385 ad
785 1327 891 1386 artem
924 1341 1006 1399 quae
1030 1328 1141 1387 nostra
1165 1328 1272 1387 aetate
1297 1341 1415 1400 magno

142 1424 176 1485 in
195 1425 316 1487 honore
336 1440 408 1486 esse
429 1426 542 1501 coepit,
556 1427 663 1486 artem
675 1427 745 1487 dico
769 1429 1018 1503 ,stetisticam''.
1043 1429 1132 1490 Haec
1152 1427 1295 1489 firmiora
1315 1430 1416 1490 etiam

143 1529 349 1604 argumenta,
383 1529 421 1587 ut
453 1541 536 1600 quae
569 1542 632 1588 non
667 1528 774 1588 solum
805 1530 974 1603 ponderari
1006 1532 1062 1592 sed
1093 1532 1202 1604 digitis
1234 1531 1417 1592 enumerari

143 1629 281 1706 possint,
305 1630 346 1689 ad
368 1628 559 1689 refellendos
581 1644 662 1703 quos
685 1632 782 1692 modo
804 1632 952 1692 dicebam
974 1633 1124 1694 homines
1148 1635 1288 1709 praebet.

188 1730 232 1791 Hi
263 1731 352 1792 enim
375 1733 432 1791 aut
454 1751 505 1790 κεν
528 1745 586 1806 per
607 1731 773 1794 licentiam
797 1734 957 1807 poeticam
980 1735 1147 1796 invectum
1171 1751 1244 1797 esse
1268 1736 1418 1796 statuant

144 1849 280 1896 necesse
303 1836 364 1912 est,
387 1837 445 1895 aut
467 1831 513 1894 dv.

189 1937 275 1999 illud
303 1938 332 1998 si
362 1938 557 1998 contendant
579 1933 610 2014 ¹),
641 1937 894 2011 respondeamus
924 1938 1017 2011 longe
1040 1938 1196 2012 longeque
1219 1938 1420 2011 sequentius

147 2053 220 2100 esse
250 2059 302 2098 κεν
332 2039 366 2099 in
396 2039 577 2099 Homericis
608 2054 707 2113 quam
738 2034 792 2111 dv3
824 2040 984 2113 poeticam
1015 2040 1114 2112 igitur
1136 2039 1238 2114 illam,
1263 2054 1362 2112 quam
1386 2039 1419 2098 in

146 2156 200 2202 ore
235 2142 385 2217 habeant,
416 2141 582 2201 licentiam
612 2144 682 2200 tam
706 2140 772 2200 late
802 2142 987 2214 grassatam
1018 2141 1119 2200 videri
1150 2142 1188 2200 ut
1221 2141 1277 2200 vix
1306 2141 1419 2213 quinto

146 2257 273 2316 quoque
315 2242 384 2304 loco
421 2241 614 2303 toleraretur
648 2242 795 2315 legitima
829 2242 987 2316 particula
1021 2237 1068 2318 dv,
1104 2257 1202 2315 quam
1236 2242 1421 2302 communis

145 2343 271 2404 (1111111111
290 2358 370 2404 usus
392 2343 563 2418 flagitaret.
582 2343 671 2403 Talis
691 2358 767 2403 vero
786 2343 917 2404 licentia
935 2342 1032 2403 libido
1050 2343 1159 2417 potius
1179 2344 1267 2402 esset
1286 2342 1421 2402 dicenda

146 2445 180 2505 et
201 2443 331 2518 linguae
354 2444 613 2520 intemperantia,
637 2459 720 2517 quae
743 2444 950 2519 exceptiones
973 2444 1122 2505 funderet
1141 2445 1211 2503 tam
1231 2444 1419 2503 innumeras

145 2546 183 2606 ut
216 2546 289 2620 ipsa
319 2545 431 2620 regula
464 2546 549 2607 inter
579 2561 635 2607 eae
666 2546 769 2607 veluti
799 2547 914 2606 obruta
944 2546 1148 2607 delitesceret
1168 2546 1200 2615 ²).
1234 2543 1420 2604 Cuiusmodi

146 2649 296 2709 monstra
325 2647 523 2710 Alexandria
548 2647 687 2708 tortasse
710 2648 822 2721 genuit
844 2648 901 2707 aut
924 2647 1129 2722 Byzantium,
1153 2660 1217 2704 non
1240 2644 1421 2719 procreavit

145 2749 198 2809 vis
230 2750 347 2823 vegeta
376 2748 516 2810 recentis
547 2750 651 2810 adhuc
682 2748 844 2825 Graeciae,
875 2763 951 2808 cum
982 2762 1086 2808 novus
1117 2746 1267 2822 perflaret
1288 2745 1421 2819 spiritus

146 2850 303 2926 poeticus.

192 2953 248 3015 Sin
282 2949 321 3011 dv
354 2953 462 3028 potius
495 2956 665 3030 poetarum
701 2952 860 3013 voluntati
894 2952 1002 3013 deberi
1032 2952 1146 3026 putent
1176 2950 1324 3010 homines
1355 2949 1419 3022 qui·

146 3055 286 3115 buscum
308 3053 400 3114 nobis
422 3070 475 3115 res
499 3056 559 3130 est,
584 3069 643 3114 nos
666 3054 845 3115 obiciamus
864 3054 895 3113 id
917 3054 1026 3113 minus
1046 3053 1148 3113 etiam
1167 3050 1318 3112 credibile
1337 3066 1419 3111 esse.

145 3156 232 3217 Nam
263 3151 302 3215 dv
332 3155 366 3214 in
397 3156 487 3216 Ionia
517 3157 550 3216 et
583 3155 693 3215 Attica
723 3170 786 3214 usu
817 3156 886 3215 erat
916 3155 1042 3230 tritum,
1072 3168 1136 3213 non
1168 3153 1294 3227 poterat
1323 3152 1422 3225 igitur

146 3257 288 3332 eleganti
322 3255 453 3317 dictioni
488 3257 593 3329 magis
628 3255 910 3316 accommodatum
944 3255 1047 3314 videri
1081 3269 1179 3328 quam
1214 3274 1272 3312 κεν.
1310 3253 1421 3326 Neque

146 3360 253 3420 metro
277 3358 410 3432 cogente
429 3357 596 3418 invectum
614 3357 715 3416 fuisse
735 3351 783 3432 dv,
803 3356 835 3416 id
854 3357 988 3417 demum
1008 3357 1059 3416 est
1078 3355 1308 3429 certissimum,
1329 3369 1421 3413 nam

146 3459 389 3520 innumeris
426 3457 545 3534 locis,
588 3458 657 3518 ubi
698 3453 744 3515 dv
782 3457 905 3517 hodie
944 3456 1116 3532 legitur,
1152 3455 1422 3516 substituere

147 3560 253 3622 licet
274 3581 341 3620 κεν
363 3559 429 3620 vel
454 3579 494 3618 κε
517 3559 585 3619 vel
607 3552 630 3616 κ’
657 3559 751 3618 sine
774 3558 863 3617 ullo
887 3557 1129 3618 hexametri
1149 3556 1421 3630 detrimento,

146 3677 208 3722 nec
238 3661 304 3722 nisi
330 3660 498 3737 perpaucis
517 3660 609 3736 locis,
629 3660 668 3720 de
688 3659 803 3733 quibus
823 3660 992 3734 postmodo
1014 3674 1159 3734 agemus,
1180 3658 1238 3717 aut
1260 3655 1423 3717 difficilius

147 3763 181 3824 ld
205 3763 257 3825 est
280 3763 338 3824 aut
359 3761 429 3823 fleri
453 3762 584 3823 omnino
606 3761 729 3835 nequit.

192 3964 281 4026 Nlhll
311 3964 409 4038 igitur
439 3963 492 4025 hic
522 3963 675 4038 explicari
705 3978 801 4038 posse
833 3979 873 4023 ex
903 3963 1028 4038 poetica
1059 3961 1190 4022 licentia
1219 3961 1277 4020 aut
1299 3958 1424 4033 legibus

149 4067 258 4144 metri,
283 4065 473 4142 luculenter,
496 4065 534 4126 ut
557 4080 661 4140 spero,
685 4065 827 4139 apparet.

184 4347 203 4414 ¹)
220 4352 352 4400 Dnentser
372 4362 462 4396 revers
479 4349 659 4407 conmndebat,
677 4353 708 4398 ut
724 4365 755 4399 ex
773 4350 892 4410 nbellngi
909 4351 1004 4398 Lexioo
1021 4349 1107 4396 didici.

183 4425 344 4491 illibenter
368 4429 448 4489 igitur
474 4442 532 4476 mea
555 4429 621 4477 facio
647 4429 789 4477 doctissimi
813 4431 902 4477 Mento
925 4429 1136 4477 verbaliomeric
1155 4423 1343 4487 Grammsr1p.
1364 4428 1426 4473 2691

150 4511 223 4565 „that
239 4524 254 4557 1
270 4508 384 4558 Partiole
402 4508 486 4556 which
504 4508 527 4555 is
544 4508 666 4556 assentiri
685 4510 712 4555 to
727 4509 770 4557 the
789 4513 879 4568 syntex
906 4510 932 4555 111
949 4507 1081 4555 hundreda
1098 4508 1127 4554 oi
1142 4521 1265 4568 passages
1283 4505 1376 4554 should
1393 4504 1426 4552 be

155 4603 187 4647 ,1
203 4602 274 4637 mers
290 4588 365 4650 place
382 4588 412 4635 of
426 4587 531 4648 litersry
546 4587 667 4635 tradition
685 4601 714 4634 or
731 4587 858 4636 imitation
875 4601 961 4635 seems
976 4586 1151 4648 impossible”.
