3120 5124
142 409 160 480 1
183 412 214 482 3]
764 412 804 470 13

141 599 255 660 dirime
285 614 404 673 pausa:
435 599 567 659 habebis
601 614 704 673 genus
735 615 890 661 versuum
923 618 985 675 666
1010 606 1119 677 patres
1144 605 1248 665 nostri
1271 606 1416 679 impense

141 700 385 761 delectabantur
419 703 452 761 61
485 701 685 774 Francogalli
716 702 809 762 hodie
841 718 967 775 666666
997 705 1190 778 praesertim
1220 707 1414 783 611661661,

141 805 200 864 1166
233 805 342 864 616116
371 805 485 877 poetae
517 805 554 863 ut
585 802 655 863 sine
687 803 794 863 taedio
824 805 950 877 possint
974 807 1032 881 611,
1056 809 1130 880 post
1153 806 1246 867 binos
1269 809 1415 869 senarios

141 904 339 965 acatalectos
369 905 524 965 collocare
556 905 673 965 debent
697 905 974 979 hypercatalectus
998 908 1101 982 binos,
1124 911 1292 983 praeterea
1317 911 1415 970 varie·

140 1008 201 1067 tati
224 1010 384 1081 qnantum
408 1006 490 1066 satis
513 1007 565 1066 est
587 1005 794 1066 consulentes
814 1007 1028 1068 similitudine
1050 1009 1249 1083 syllabarum
1270 1011 1304 1070 in
1324 1013 1414 1072 exitu

142 1123 298 1169 versuum
332 1108 512 1169 vicinorum
542 1107 741 1181 positarum;
775 1108 826 1168 vel
858 1109 904 1168 sic
935 1112 1047 1170 tamen
1070 1113 1213 1171 metrum
1236 1114 1415 1186 procudunt

141 1213 178 1269 ut
219 1225 374 1270 canorum
415 1211 449 1270 et
490 1224 599 1284 grave,
638 1209 686 1269 ita
724 1224 838 1283 parum
876 1210 973 1270 molle
1009 1214 1043 1271 et
1077 1213 1205 1274 mobile.
1240 1214 1283 1273 At
1319 1230 1414 1275 senos

142 1310 214 1372 ilios
237 1312 364 1372 iambos
387 1326 521 1372 caesura
544 1311 667 1371 dividat
690 1311 724 1370 in
756 1311 837 1370 duas
862 1314 972 1385 partes
992 1313 1169 1374 dissimiles
1193 1349 1233 1358 -
1258 1318 1291 1375 et
1314 1318 1415 1376 oritur

141 1414 256 1474 nobilis
279 1414 335 1474 ille
363 1417 395 1474 et
417 1415 631 1488 grandisonus
651 1414 847 1473 Graecorum
868 1415 1026 1491 trimeter,
1055 1417 1209 1476 cothurno
1234 1417 1413 1491 Aeschyleo

143 1515 380 1590 Sophocleoque
414 1515 591 1588 condignus
627 1529 731 1587 neque
762 1514 829 1574 ulla
861 1517 1029 1588 praeterea
1057 1518 1223 1590 requirens
1245 1517 1413 1593 lenocinia,

143 1617 227 1678 idem
262 1619 333 1678 tam
364 1616 515 1677 flexibilis
539 1618 575 1675 ut
606 1616 790 1690 quotidiano
814 1631 940 1689 quoque
968 1618 1111 1677 sermoni
1135 1618 1293 1678 reddendo
1317 1620 1412 1693 aptis·

142 1719 262 1778 simum
287 1717 471 1778 effinxerint
495 1719 728 1792 Aristophanes
752 1719 850 1791 atque
875 1718 1056 1779 Menander.

185 1922 403 1995 Permagnum
438 1922 537 1995 igitur
565 1922 598 1981 in
630 1920 788 1997 versibus
821 1938 903 1995 6666
932 1923 1107 1983 narrationi
1130 1923 1321 1999 inserviunt,
1347 1939 1410 1985 mo·

143 2027 291 2084 mentum
326 2026 377 2084 est
409 2040 563 2083 caesurae.
596 2023 687 2083 Hanc
715 2026 826 2084 autem
850 2025 913 2084 nisi
935 2027 1008 2099 post
1031 2026 1193 2098 integrum
1218 2026 1411 2086 vocabulum

142 2124 209 2185 lieri
243 2140 308 2185 non
341 2141 446 2201 posse,
477 2141 534 2201 per
566 2141 602 2185 se
638 2125 854 2200 intellegitur;
886 2127 996 2199 itaque
1026 2125 1115 2185 nulla
1143 2127 1218 2186 ante
1246 2127 1412 2187 encliticas

141 2226 263 2287 aliasve
287 2227 429 2302 voculas,
453 2242 535 2300 quae
560 2227 759 2287 sententiam
791 2227 886 2287 ordiri
910 2229 1074 2299 nequeunt
1097 2226 1163 2306 (yde
1187 2224 1220 2286 δέ
1243 2224 1300 2306 ἄρα
1326 2231 1409 2305 616),

142 2344 276 2389 6666616
300 2344 372 2389 6666
396 2330 513 2404 petest,
538 2344 641 2402 neque
665 2330 738 2402 post
761 2328 954 2402 proclitieas.

183 2430 324 2490 caesura
347 2431 468 2505 autem,
493 2431 600 2504 prouti
622 2430 742 2490 indicat
765 2429 873 2503 ipsum
897 2445 1025 2505 nomen,
1050 2430 1166 2489 dicitur
1189 2446 1228 2490 ea
1255 2447 1409 2492 versuum

140 2533 253 2593 divisio
284 2548 348 2606 666
377 2548 435 2607 pes
465 2532 582 2604 aliquis
607 2531 751 2592 caeditur
774 2532 844 2591 6116
867 2532 900 2590 16
924 2531 1005 2591 1666
1027 2534 1137 2605 partes
1161 2532 1350 2594 dissecatur.
1376 2533 1409 2592 Si

140 2650 213 2695 vero
247 2637 321 2709 post
352 2636 515 2709 integrum
545 2636 661 2708 pedem
694 2649 758 2693 1611
780 2633 949 2693 recitantis
972 2632 1203 2707 aliquantisper
1226 2635 1408 2710 requiescit,

140 2751 200 2797 non
222 2751 358 2821 caesura
380 2737 460 2797 haec
484 2738 534 2797 est
557 2736 691 2796 dicenda
715 2736 772 2795 sed
795 2735 858 2795 alio
882 2735 1013 2795 nomine
1036 2735 1243 2812 designanda,
1266 2752 1306 2797 ne
1327 2738 1408 2799 duae

141 2852 190 2896 166
212 2837 451 2898 dissimillimae
471 2840 504 2898 et
528 2837 665 2897 maximi
689 2837 723 2896 in
747 2851 780 2896 re
812 2836 949 2897 metrica
972 2837 1131 2897 momenti
1154 2838 1406 2914 confundantur;

140 2940 306 3013 aptissimo
352 2942 464 3001 autem
513 2940 654 3012 nomine,
698 2953 718 2997 a
752 2938 883 2998 Graecis
923 2939 1069 2998 metricis
1105 2939 1264 3014 desumto,
1300 2941 1408 3001 vocari

140 3043 243 3114 potest
276 3037 424 3102 6116611616
459 3041 528 3101 6116
558 3056 673 3116 pause.
708 3039 779 3099 Non
810 3055 885 3100 vero
916 3039 1079 3113 probanda
1106 3043 1157 3100 est
1188 3042 1271 3101 ratio
1295 3057 1406 3101 eorum

141 3144 251 3215 66116
275 3146 411 3216 utroque
435 3142 602 3204 divisionis
624 3157 751 3216 genere,
777 3141 869 3214 66661
894 3142 949 3200 vix
976 3141 1314 3217 66116661616161611,
1340 3158 1407 3216 pro·

142 3247 261 3306 misene
284 3247 443 3321 usurpant
466 3260 618 3306 caesurae
643 3258 763 3304 nomen
787 3246 819 3312 ¹).

181 3347 227 3407 iix
262 3349 312 3423 iis,
346 3363 427 3422 6666
458 3349 496 3408 16
527 3346 710 3408 hexametri
741 3345 862 3418 origine
895 3345 1146 3419 disputavimus,
1170 3345 1316 3417 66661161
1339 3360 1406 3419 pro·

142 3449 240 3522 priam
274 3450 304 3509 ei
336 3464 408 3510 esse
442 3449 516 3509 inde
552 3449 591 3509 ab
627 3448 719 3508 initio
750 3447 940 3507 incisionem
971 3448 1045 3520 post
1075 3446 1225 3533 priorem·
1245 3447 1405 3520 syllabam

142 3549 266 3611 brevem
301 3551 392 3625 pedis
422 3550 519 3611 tertii.
555 3549 643 3610 Haec
675 3550 726 3609 est
757 3563 887 3608 66661116
921 3544 1018 3605 κατὰ
1053 3544 1188 3624 τρίτον
1219 3551 1406 3624 τροχαῖον

144 3665 218 3723 6666
244 3652 305 3714 1161
329 3653 429 3727 66161;
453 3653 501 3713 616
526 3651 671 3725 Odyssea
693 3650 805 3724 incipit

266 3751 363 3833 ἄνδρα
388 3776 438 3831 μοι
462 3750 574 3828 ἔννεπε,
597 3760 713 3829 μοῦσα,
737 3742 757 3834 Η
782 3749 981 3828 πολύτροπον,
1003 3743 1036 3820 ὃς
1060 3747 1138 3826 μάλα
1162 3747 1263 3807 nollet.

180 3857 215 3917 In
236 3857 418 3918 Homericis
438 3857 549 3916 autem
569 3854 766 3915 carminibus
786 3853 866 3913 haec
886 3866 1029 3927 caesura,
1054 3865 1136 3924 6666
1153 3850 1404 3924 femininehaud

142 3972 206 4019 1616
241 3961 384 4035 1666161,
416 3973 479 4018 666
510 3957 602 4017 66166
634 3956 763 4029 6611616
795 3955 851 4015 661
880 3957 992 4014 166166
1016 3952 1181 4025 aliquanto
1205 3952 1405 4024 frequentius

141 4074 230 4132 66616
256 4061 383 4120 6616166
405 4058 565 4119 166116611
588 4059 730 4118 16116666
753 4056 939 4129 6111116161;
965 4069 1079 4114 161666
1102 4055 1250 4114 heroicus
1272 4053 1405 4131 βαίνεται

141 4157 169 4219 ἓν
196 4158 249 4240 μὲν
281 4171 321 4245 τῷ
352 4159 436 4243 δεξιῷ
460 4157 546 4220 ἐννέα
574 4160 744 4237 συλλαβαῖς,
767 4154 799 4217 ἓν
823 4153 855 4216 δὲ
879 4167 917 4239 τῷ
941 4153 1081 4239 ἀριστερῷ
1108 4151 1183 4214 ὀκτώ
1207 4153 1239 4233 (8
1260 4146 1280 4238 Η
1302 4157 1343 4232 9),
1368 4159 1405 4217 ut

167 4419 185 4486 ¹)
202 4424 256 4471 Hac
273 4423 353 4483 igitur
370 4423 397 4469 in
415 4435 442 4468 re
460 4434 512 4468 non
529 4419 662 4479 sequimur
678 4416 826 4475 christiam,
842 4429 919 4474 66661
935 4415 993 4462 1116
1008 4411 1112 4462 116111111
1127 4428 1151 4474 p.
1168 4415 1230 4460 123:
1246 4415 1307 4470 „wir
1319 4413 1404 4462 haben

139 4501 218 4559 ,11666
239 4503 388 4560 8611611613
404 4514 455 4548 166
471 4501 582 4565 διαίρεσις
598 4497 651 4545 661
668 4500 727 4555 τομή
745 4495 783 4540 616
800 4494 983 4541 unwesentlich
1001 4495 1054 4541 und
1071 4495 1225 4543 1611111661
1243 4497 1403 4556 anigegeben

139 4583 200 4634 ,661
219 4597 321 4631 1166666
337 4581 415 4641 iodea
432 4582 505 4628 einen
524 4578 588 4626 Ver-s
605 4579 630 4623 in
648 4576 712 4622 Koia
730 4574 876 4621 theiienden
895 4572 1069 4621 Wortsehluss
1087 4575 1192 4622 (trisor'.
