<?xml version="1.0" encoding="UTF-8"?>
<!DOCTYPE html PUBLIC "-//W3C//DTD XHTML 1.0 Transitional//EN"
    "http://www.w3.org/TR/xhtml1/DTD/xhtml1-transitional.dtd">
<html xmlns="http://www.w3.org/1999/xhtml" xml:lang="en" lang="en">
 <head>
  <title>
</title>
<meta http-equiv="Content-Type" content="text/html;charset=utf-8" />
  <meta name='ocr-system' content='tesseract 3.04.00' />
  <meta name='ocr-capabilities' content='ocr_page ocr_carea ocr_par ocr_line ocrx_word'/>
</head>
<body>
  <div class='ocr_page' id='page_1' title='image "./enchiridiumdict00leeugoog/enchiridiumdict00leeugoog_0074.png"; bbox 0 0 3120 5124; ppageno 0'>
   <div class='ocr_carea' id='block_1_1' title="bbox 634 395 817 449">
    <p class='ocr_par' dir='ltr' id='par_1_1' title="bbox 634 395 817 449">
     <span class='ocr_line' id='line_1_1' title="bbox 634 395 817 449; baseline -0.005 -12"><span class='ocrx_word' id='word_1_1' title='bbox 634 434 639 449; x_wconf 73' lang='grc'><strong><em>,</em></strong></span> <span class='ocrx_word' id='word_1_2' title='bbox 753 395 817 437; x_wconf 78' lang='lat' dir='ltr'>uvir</span> 
     </span>
    </p>
   </div>
   <div class='ocr_carea' id='block_1_2' title="bbox 104 563 1421 4099">
    <p class='ocr_par' dir='ltr' id='par_1_2' title="bbox 369 563 1163 1053">
     <span class='ocr_line' id='line_1_2' title="bbox 371 563 1113 646; baseline 0 -22"><span class='ocrx_word' id='word_1_3' title='bbox 371 564 490 645; x_wconf 68' lang='grc' dir='ltr'><strong><em>,πηγὸς</em></strong></span> <span class='ocrx_word' id='word_1_4' title='bbox 512 564 669 643; x_wconf 86' lang='grc' dir='ltr'><strong><em>πάρεστι;”</em></strong></span> <span class='ocrx_word' id='word_1_5' title='bbox 695 599 737 607; x_wconf 91' lang='lat'><em>-</em></span> <span class='ocrx_word' id='word_1_6' title='bbox 760 565 871 646; x_wconf 72' lang='grc' dir='ltr'><strong><em>πηγός,</em></strong></span> <span class='ocrx_word' id='word_1_7' title='bbox 894 563 960 643; x_wconf 76' lang='grc' dir='ltr'><strong><em>οὐχὶ</em></strong></span> <span class='ocrx_word' id='word_1_8' title='bbox 982 564 1113 625; x_wconf 72' lang='grc' dir='ltr'><strong><em>λαικάσει</em></strong></span> 
     </span>
     <span class='ocr_line' id='line_1_3' title="bbox 371 662 1132 748; baseline 0.001 -22"><span class='ocrx_word' id='word_1_9' title='bbox 371 665 444 745; x_wconf 78' lang='grc' dir='ltr'><strong><em>ἐρεῖς</em></strong></span> <span class='ocrx_word' id='word_1_10' title='bbox 467 663 647 745; x_wconf 77' lang='grc' dir='ltr'><strong><em>σαφέστερόν</em></strong></span> <span class='ocrx_word' id='word_1_11' title='bbox 670 662 699 726; x_wconf 83' lang='grc' dir='ltr'>θ’</span> <span class='ocrx_word' id='word_1_12' title='bbox 724 662 741 727; x_wconf 78' lang='grc' dir='ltr'><strong>ὃ</strong></span> <span class='ocrx_word' id='word_1_13' title='bbox 765 667 866 746; x_wconf 77' lang='grc' dir='ltr'><strong><em>βούλει</em></strong></span> <span class='ocrx_word' id='word_1_14' title='bbox 888 689 939 746; x_wconf 90' lang='grc' dir='ltr'>μοι</span> <span class='ocrx_word' id='word_1_15' title='bbox 961 665 1071 748; x_wconf 72' lang='grc' dir='ltr'><strong><em>λέγεινς</em></strong></span> <span class='ocrx_word' id='word_1_16' title='bbox 1095 703 1132 709; x_wconf 93' lang='grc'><strong>-</strong></span> 
     </span>
     <span class='ocr_line' id='line_1_4' title="bbox 369 762 1163 849; baseline 0 -23"><span class='ocrx_word' id='word_1_17' title='bbox 369 766 563 845; x_wconf 78' lang='grc' dir='ltr'><strong><em>,ἀτάσθαλός</em></strong></span> <span class='ocrx_word' id='word_1_18' title='bbox 586 763 609 849; x_wconf 79' lang='grc' dir='ltr'>γ’</span> <span class='ocrx_word' id='word_1_19' title='bbox 636 762 671 847; x_wconf 77' lang='grc' dir='ltr'><strong><em>εἶ,</em></strong></span> <span class='ocrx_word' id='word_1_20' title='bbox 693 766 829 848; x_wconf 76' lang='grc' dir='ltr'><strong><em>πρέσβυ”</em></strong></span> <span class='ocrx_word' id='word_1_21' title='bbox 854 764 939 846; x_wconf 79' lang='grc' dir='ltr'><strong><em>φήσ’·</em></strong></span> <span class='ocrx_word' id='word_1_22' title='bbox 964 768 1062 848; x_wconf 74' lang='grc' dir='ltr'><strong><em>,άλας</em></strong></span> <span class='ocrx_word' id='word_1_23' title='bbox 1085 766 1163 847; x_wconf 78' lang='grc' dir='ltr'><strong><em>φέρε.</em></strong></span> 
     </span>
     <span class='ocr_line' id='line_1_5' title="bbox 369 864 1108 951; baseline 0 -21"><span class='ocrx_word' id='word_1_24' title='bbox 369 864 442 930; x_wconf 82' lang='grc' dir='ltr'><strong><em>τοῦτ’</em></strong></span> <span class='ocrx_word' id='word_1_25' title='bbox 468 868 527 930; x_wconf 76' lang='grc' dir='ltr'><strong><em>ἔστι</em></strong></span> <span class='ocrx_word' id='word_1_26' title='bbox 549 869 654 950; x_wconf 81' lang='grc' dir='ltr'><strong><em>πηγός.</em></strong></span> <span class='ocrx_word' id='word_1_27' title='bbox 677 867 751 931; x_wconf 77' lang='grc' dir='ltr'><strong><em>ἀλλὰ</em></strong></span> <span class='ocrx_word' id='word_1_28' title='bbox 774 870 871 944; x_wconf 84' lang='grc' dir='ltr'><strong><em>δεῖξον</em></strong></span> <span class='ocrx_word' id='word_1_29' title='bbox 894 868 1042 951; x_wconf 80' lang='grc' dir='ltr'><strong><em>χέρνιβα.”</em></strong></span> <span class='ocrx_word' id='word_1_30' title='bbox 1068 904 1108 913; x_wconf 98' lang='grc'>-</span> 
     </span>
     <span class='ocr_line' id='line_1_6' title="bbox 369 969 955 1053; baseline 0 -21"><span class='ocrx_word' id='word_1_31' title='bbox 369 980 477 1050; x_wconf 80' lang='grc' dir='ltr'><strong><em>παρῆν.</em></strong></span> <span class='ocrx_word' id='word_1_32' title='bbox 501 971 602 1051; x_wconf 77' lang='grc' dir='ltr'><strong><em>ἔθυεν,</em></strong></span> <span class='ocrx_word' id='word_1_33' title='bbox 625 971 721 1053; x_wconf 73' lang='grc' dir='ltr'><strong><em>ἔλεγεν</em></strong></span> <span class='ocrx_word' id='word_1_34' title='bbox 744 969 817 1032; x_wconf 77' lang='lat' dir='ltr'>dita</span> <span class='ocrx_word' id='word_1_35' title='bbox 840 971 955 1051; x_wconf 78' lang='grc' dir='ltr'><strong><em>βήματα</em></strong></span> 
     </span>
    </p>

    <p class='ocr_par' dir='ltr' id='par_1_3' title="bbox 367 1067 1134 1769">
     <span class='ocr_line' id='line_1_7' title="bbox 369 1067 1131 1154; baseline -0.003 -20"><span class='ocrx_word' id='word_1_36' title='bbox 369 1070 483 1135; x_wconf 81' lang='grc' dir='ltr'><strong><em>τοιαῦθ’</em></strong></span> <span class='ocrx_word' id='word_1_37' title='bbox 510 1071 529 1133; x_wconf 77' lang='grc' dir='ltr'>ἃ</span> <span class='ocrx_word' id='word_1_38' title='bbox 553 1071 594 1152; x_wconf 91' lang='grc' dir='ltr'>μά</span> <span class='ocrx_word' id='word_1_39' title='bbox 616 1073 670 1152; x_wconf 77' lang='grc' dir='ltr'>τὴν</span> <span class='ocrx_word' id='word_1_40' title='bbox 693 1083 751 1154; x_wconf 81' lang='grc' dir='ltr'>γῆν</span> <span class='ocrx_word' id='word_1_41' title='bbox 774 1071 845 1135; x_wconf 78' lang='grc' dir='ltr'><strong><em>οὐδὲ</em></strong></span> <span class='ocrx_word' id='word_1_42' title='bbox 868 1067 909 1147; x_wconf 72' lang='grc' dir='ltr'><strong><em>εἷς</em></strong></span> <span class='ocrx_word' id='word_1_43' title='bbox 932 1071 1060 1153; x_wconf 75' lang='grc' dir='ltr'><strong><em>ἤκουσεν</em></strong></span> <span class='ocrx_word' id='word_1_44' title='bbox 1083 1070 1131 1150; x_wconf 80' lang='lat' dir='ltr'>liv,</span> 
     </span>
     <span class='ocr_line' id='line_1_8' title="bbox 370 1169 1105 1254; baseline -0.001 -19"><span class='ocrx_word' id='word_1_45' title='bbox 370 1175 518 1253; x_wconf 80' lang='grc' dir='ltr'><strong><em>μίστυλλα,</em></strong></span> <span class='ocrx_word' id='word_1_46' title='bbox 540 1175 654 1254; x_wconf 81' lang='grc' dir='ltr'><em>μοίρας,</em></span> <span class='ocrx_word' id='word_1_47' title='bbox 677 1169 801 1254; x_wconf 79' lang='grc' dir='ltr'><strong><em>δίπτυχ’,</em></strong></span> <span class='ocrx_word' id='word_1_48' title='bbox 822 1171 952 1253; x_wconf 80' lang='grc' dir='ltr'><strong><em>ὀβελούς·</em></strong></span> <span class='ocrx_word' id='word_1_49' title='bbox 976 1175 1047 1235; x_wconf 78' lang='grc' dir='ltr'><strong><em>ὥστε</em></strong></span> <span class='ocrx_word' id='word_1_50' title='bbox 1070 1196 1105 1252; x_wconf 85' lang='grc' dir='ltr'><strong><em>με</em></strong></span> 
     </span>
     <span class='ocr_line' id='line_1_9' title="bbox 369 1276 996 1356; baseline -0.005 -18"><span class='ocrx_word' id='word_1_51' title='bbox 369 1287 426 1338; x_wconf 83' lang='grc' dir='ltr'>τῶν</span> <span class='ocrx_word' id='word_1_52' title='bbox 450 1286 503 1338; x_wconf 80' lang='grc' dir='ltr'>τοῦ</span> <span class='ocrx_word' id='word_1_53' title='bbox 531 1280 643 1355; x_wconf 82' lang='grc' dir='ltr'><strong><em>Φελητᾶ</em></strong></span> <span class='ocrx_word' id='word_1_54' title='bbox 666 1276 856 1355; x_wconf 77' lang='grc' dir='ltr'><strong><em>λαμβάνοντα</em></strong></span> <span class='ocrx_word' id='word_1_55' title='bbox 879 1276 996 1356; x_wconf 81' lang='grc' dir='ltr'><strong><em>βιβλίον</em></strong></span> 
     </span>
     <span class='ocr_line' id='line_1_10' title="bbox 369 1376 1070 1458; baseline -0.001 -19"><span class='ocrx_word' id='word_1_56' title='bbox 369 1384 488 1440; x_wconf 79' lang='grc' dir='ltr'><strong><em>σκοπεῖν</em></strong></span> <span class='ocrx_word' id='word_1_57' title='bbox 511 1376 618 1439; x_wconf 75' lang='grc' dir='ltr'><strong><em>ἕκαστα</em></strong></span> <span class='ocrx_word' id='word_1_58' title='bbox 641 1378 671 1438; x_wconf 86' lang='grc' dir='ltr'>τί</span> <span class='ocrx_word' id='word_1_59' title='bbox 692 1378 818 1440; x_wconf 81' lang='grc' dir='ltr'><strong><em>δύναται</em></strong></span> <span class='ocrx_word' id='word_1_60' title='bbox 840 1387 898 1438; x_wconf 83' lang='grc' dir='ltr'>τῶν</span> <span class='ocrx_word' id='word_1_61' title='bbox 922 1377 1070 1458; x_wconf 78' lang='grc' dir='ltr'><strong><em>βημάτων·</em></strong></span> 
     </span>
     <span class='ocr_line' id='line_1_11' title="bbox 368 1477 997 1560; baseline -0.002 -19"><span class='ocrx_word' id='word_1_62' title='bbox 368 1479 446 1558; x_wconf 78' lang='grc' dir='ltr'><strong><em>πλὴν</em></strong></span> <span class='ocrx_word' id='word_1_63' title='bbox 468 1478 600 1542; x_wconf 79' lang='grc' dir='ltr'><strong><em>ἱκέτευον</em></strong></span> <span class='ocrx_word' id='word_1_64' title='bbox 623 1479 715 1541; x_wconf 78' lang='grc' dir='ltr'><strong><em>αὐτὸν</em></strong></span> <span class='ocrx_word' id='word_1_65' title='bbox 739 1477 798 1559; x_wconf 75' lang='grc' dir='ltr'>ἤδη</span> <span class='ocrx_word' id='word_1_66' title='bbox 823 1482 997 1560; x_wconf 81' lang='grc' dir='ltr'><strong><em>μεταβαλεῖν</em></strong></span> 
     </span>
     <span class='ocr_line' id='line_1_12' title="bbox 371 1576 1134 1663; baseline 0.001 -21"><span class='ocrx_word' id='word_1_67' title='bbox 371 1581 570 1663; x_wconf 78' lang='grc' dir='ltr'><strong><em>ἀνθρωπίνως</em></strong></span> <span class='ocrx_word' id='word_1_68' title='bbox 594 1587 692 1642; x_wconf 83' lang='grc' dir='ltr'><strong><em>λαλεῖν</em></strong></span> <span class='ocrx_word' id='word_1_69' title='bbox 715 1600 752 1642; x_wconf 88' lang='grc' dir='ltr'><strong><em>τε·</em></strong></span> <span class='ocrx_word' id='word_1_70' title='bbox 775 1582 828 1643; x_wconf 86' lang='grc' dir='ltr'>τὸν</span> <span class='ocrx_word' id='word_1_71' title='bbox 853 1576 880 1642; x_wconf 84' lang='grc' dir='ltr'>δ’</span> <span class='ocrx_word' id='word_1_72' title='bbox 908 1577 974 1642; x_wconf 82' lang='grc' dir='ltr'><strong><em>οὐδ’</em></strong></span> <span class='ocrx_word' id='word_1_73' title='bbox 1001 1578 1040 1641; x_wconf 78' lang='lat' dir='ltr'>dv</span> <span class='ocrx_word' id='word_1_74' title='bbox 1063 1582 1134 1661; x_wconf 85' lang='grc' dir='ltr'><strong><em>ταχὺ</em></strong></span> 
     </span>
     <span class='ocr_line' id='line_1_13' title="bbox 367 1677 1039 1763; baseline -0.004 -18"><span class='ocrx_word' id='word_1_75' title='bbox 367 1683 480 1745; x_wconf 74' lang='grc' dir='ltr'><strong><em>ἔπεισεν</em></strong></span> <span class='ocrx_word' id='word_1_76' title='bbox 503 1681 522 1762; x_wconf 79' lang='grc' dir='ltr'><em>ἡ</em></span> <span class='ocrx_word' id='word_1_77' title='bbox 548 1682 653 1745; x_wconf 82' lang='grc' dir='ltr'><strong><em>Πειθὼ</em></strong></span> <span class='ocrx_word' id='word_1_78' title='bbox 677 1682 719 1762; x_wconf 84' lang='grc' dir='ltr'>μά</span> <span class='ocrx_word' id='word_1_79' title='bbox 742 1682 797 1762; x_wconf 79' lang='grc' dir='ltr'>τήν</span> <span class='ocrx_word' id='word_1_80' title='bbox 819 1692 876 1763; x_wconf 77' lang='grc' dir='ltr'>γῆν</span> <span class='ocrx_word' id='word_1_81' title='bbox 901 1677 958 1744; x_wconf 81' lang='lat' dir='ltr'>old&#39;</span> <span class='ocrx_word' id='word_1_82' title='bbox 988 1683 1039 1745; x_wconf 74' lang='grc' dir='ltr'><strong><em>ὅτι.</em></strong></span> 
     </span>
    </p>

    <p class='ocr_par' dir='ltr' id='par_1_4' title="bbox 139 1787 1420 2377">
     <span class='ocr_line' id='line_1_14' title="bbox 182 1787 1418 1862; baseline -0.004 -12"><span class='ocrx_word' id='word_1_83' title='bbox 182 1789 336 1862; x_wconf 75' lang='lat' dir='ltr'>coquum</span> <span class='ocrx_word' id='word_1_84' title='bbox 368 1789 464 1862; x_wconf 79' lang='lat' dir='ltr'>igitur</span> <span class='ocrx_word' id='word_1_85' title='bbox 495 1789 633 1849; x_wconf 73' lang='lat' dir='ltr'>dictione</span> <span class='ocrx_word' id='word_1_86' title='bbox 665 1788 838 1848; x_wconf 86' lang='lat' dir='ltr'>Homerica</span> <span class='ocrx_word' id='word_1_87' title='bbox 860 1788 1048 1848; x_wconf 77' lang='lat' dir='ltr'>abutentem</span> <span class='ocrx_word' id='word_1_88' title='bbox 1072 1787 1201 1847; x_wconf 82' lang='lat' dir='ltr'>induxit</span> <span class='ocrx_word' id='word_1_89' title='bbox 1225 1787 1343 1861; x_wconf 86' lang='lat' dir='ltr'>Strato,</span> <span class='ocrx_word' id='word_1_90' title='bbox 1367 1787 1418 1845; x_wconf 90' lang='lat' dir='ltr'>sui</span> 
     </span>
     <span class='ocr_line' id='line_1_15' title="bbox 139 1887 1418 1967; baseline -0.002 -16"><span class='ocrx_word' id='word_1_91' title='bbox 139 1893 299 1967; x_wconf 88' lang='lat' dir='ltr'>temporis</span> <span class='ocrx_word' id='word_1_92' title='bbox 332 1892 440 1953; x_wconf 88' lang='lat' dir='ltr'>studia</span> <span class='ocrx_word' id='word_1_93' title='bbox 471 1892 580 1951; x_wconf 86' lang='lat' dir='ltr'>inania</span> <span class='ocrx_word' id='word_1_94' title='bbox 603 1891 720 1951; x_wconf 86' lang='lat' dir='ltr'>festive</span> <span class='ocrx_word' id='word_1_95' title='bbox 743 1891 973 1965; x_wconf 80' lang='lat' dir='ltr'>perstringens.</span> <span class='ocrx_word' id='word_1_96' title='bbox 998 1891 1035 1949; x_wconf 89' lang='lat' dir='ltr'>In</span> <span class='ocrx_word' id='word_1_97' title='bbox 1059 1889 1204 1949; x_wconf 85' lang='lat' dir='ltr'>Philetas</span> <span class='ocrx_word' id='word_1_98' title='bbox 1228 1890 1339 1948; x_wconf 84' lang='lat' dir='ltr'>autem</span> <span class='ocrx_word' id='word_1_99' title='bbox 1365 1887 1418 1948; x_wconf 80' lang='lat' dir='ltr'>Coi</span> 
     </span>
     <span class='ocr_line' id='line_1_16' title="bbox 139 1990 1420 2069; baseline -0.005 -15"><span class='ocrx_word' id='word_1_100' title='bbox 139 2010 245 2069; x_wconf 88' lang='lat' dir='ltr'>opere,</span> <span class='ocrx_word' id='word_1_101' title='bbox 274 1994 363 2053; x_wconf 89' lang='lat' dir='ltr'>unde</span> <span class='ocrx_word' id='word_1_102' title='bbox 390 1994 419 2052; x_wconf 95' lang='lat' dir='ltr'>is</span> <span class='ocrx_word' id='word_1_103' title='bbox 449 1994 504 2066; x_wconf 93' lang='lat' dir='ltr'>qui</span> <span class='ocrx_word' id='word_1_104' title='bbox 535 2008 674 2066; x_wconf 89' lang='lat' dir='ltr'>coquum</span> <span class='ocrx_word' id='word_1_105' title='bbox 699 1993 783 2054; x_wconf 87' lang='lat' dir='ltr'>huno</span> <span class='ocrx_word' id='word_1_106' title='bbox 805 1992 905 2051; x_wconf 91' lang='lat' dir='ltr'>nimis</span> <span class='ocrx_word' id='word_1_107' title='bbox 925 1993 1057 2052; x_wconf 91' lang='lat' dir='ltr'>doctum</span> <span class='ocrx_word' id='word_1_108' title='bbox 1078 1990 1277 2050; x_wconf 85' lang='lat' dir='ltr'>conduxerat</span> <span class='ocrx_word' id='word_1_109' title='bbox 1299 2004 1420 2049; x_wconf 86' lang='lat' dir='ltr'>novam</span> 
     </span>
     <span class='ocr_line' id='line_1_17' title="bbox 139 2091 1420 2170; baseline -0.004 -15"><span class='ocrx_word' id='word_1_110' title='bbox 139 2096 339 2170; x_wconf 85' lang='lat' dir='ltr'>sapientiam</span> <span class='ocrx_word' id='word_1_111' title='bbox 375 2095 539 2155; x_wconf 90' lang='lat' dir='ltr'>addiscere</span> <span class='ocrx_word' id='word_1_112' title='bbox 574 2095 709 2154; x_wconf 88' lang='lat' dir='ltr'>conatus</span> <span class='ocrx_word' id='word_1_113' title='bbox 743 2097 804 2170; x_wconf 90' lang='lat' dir='ltr'>est,</span> <span class='ocrx_word' id='word_1_114' title='bbox 840 2093 1020 2169; x_wconf 83' lang='lat' dir='ltr'>explicatae</span> <span class='ocrx_word' id='word_1_115' title='bbox 1052 2091 1293 2166; x_wconf 83' lang='lat' dir='ltr'>reperiebantur</span> <span class='ocrx_word' id='word_1_116' title='bbox 1322 2106 1420 2151; x_wconf 89' lang='lat' dir='ltr'>voces</span> 
     </span>
     <span class='ocr_line' id='line_1_18' title="bbox 141 2191 1420 2273; baseline -0.005 -16"><span class='ocrx_word' id='word_1_117' title='bbox 141 2198 251 2270; x_wconf 82' lang='lat' dir='ltr'>epicae</span> <span class='ocrx_word' id='word_1_118' title='bbox 283 2195 397 2270; x_wconf 89' lang='lat' dir='ltr'>quales</span> <span class='ocrx_word' id='word_1_119' title='bbox 428 2199 506 2256; x_wconf 88' lang='lat' dir='ltr'>sunt</span> <span class='ocrx_word' id='word_1_120' title='bbox 536 2191 670 2273; x_wconf 79' lang='grc' dir='ltr'><strong><em>μέροπες,</em></strong></span> <span class='ocrx_word' id='word_1_121' title='bbox 700 2194 860 2272; x_wconf 82' lang='grc' dir='ltr'><strong><em>δυιτυμώυ,</em></strong></span> <span class='ocrx_word' id='word_1_122' title='bbox 890 2191 1057 2273; x_wconf 77' lang='grc' dir='ltr'><strong><em>ἕρυσίχθων</em></strong></span> <span class='ocrx_word' id='word_1_123' title='bbox 1078 2193 1110 2269; x_wconf 79' lang='lat'>¹),</span> <span class='ocrx_word' id='word_1_124' title='bbox 1143 2196 1232 2270; x_wconf 77' lang='grc' dir='ltr'><strong><em>μῆλα,</em></strong></span> <span class='ocrx_word' id='word_1_125' title='bbox 1253 2191 1420 2270; x_wconf 59' lang='lat' dir='ltr'>adloquitur,</span> 
     </span>
     <span class='ocr_line' id='line_1_19' title="bbox 141 2292 916 2377; baseline -0.003 -21"><span class='ocrx_word' id='word_1_126' title='bbox 141 2298 249 2377; x_wconf 80' lang='grc' dir='ltr'><strong><em>πηγός,</em></strong></span> <span class='ocrx_word' id='word_1_127' title='bbox 273 2297 439 2374; x_wconf 82' lang='grc' dir='ltr'><strong><em>μιστύλλειν</em></strong></span> <span class='ocrx_word' id='word_1_128' title='bbox 459 2294 492 2373; x_wconf 79' lang='lat'>²),</span> <span class='ocrx_word' id='word_1_129' title='bbox 515 2301 625 2374; x_wconf 89' lang='grc' dir='ltr'><strong><em>μοῖραι,</em></strong></span> <span class='ocrx_word' id='word_1_130' title='bbox 648 2294 782 2374; x_wconf 81' lang='grc' dir='ltr'><strong><em>δίπτυχα,</em></strong></span> <span class='ocrx_word' id='word_1_131' title='bbox 805 2292 916 2375; x_wconf 76' lang='grc' dir='ltr'><strong><em>ὀβολός.</em></strong></span> 
     </span>
    </p>

    <p class='ocr_par' dir='ltr' id='par_1_5' title="bbox 143 2397 1419 3083">
     <span class='ocr_line' id='line_1_20' title="bbox 188 2397 1418 2476; baseline -0.002 -17"><span class='ocrx_word' id='word_1_132' title='bbox 188 2399 308 2476; x_wconf 82' lang='lat' dir='ltr'>Quales</span> <span class='ocrx_word' id='word_1_133' title='bbox 343 2400 454 2459; x_wconf 87' lang='lat' dir='ltr'>autem</span> <span class='ocrx_word' id='word_1_134' title='bbox 489 2413 615 2459; x_wconf 87' lang='lat' dir='ltr'>errores</span> <span class='ocrx_word' id='word_1_135' title='bbox 649 2399 749 2458; x_wconf 89' lang='lat' dir='ltr'>etiam</span> <span class='ocrx_word' id='word_1_136' title='bbox 779 2399 813 2457; x_wconf 92' lang='lat' dir='ltr'>in</span> <span class='ocrx_word' id='word_1_137' title='bbox 844 2399 1043 2458; x_wconf 89' lang='lat' dir='ltr'>eruditorum</span> <span class='ocrx_word' id='word_1_138' title='bbox 1066 2398 1210 2457; x_wconf 87' lang='lat' dir='ltr'>virorum</span> <span class='ocrx_word' id='word_1_139' title='bbox 1233 2397 1418 2457; x_wconf 91' lang='lat' dir='ltr'>huiusmodi</span> 
     </span>
     <span class='ocr_line' id='line_1_21' title="bbox 144 2496 1419 2576; baseline -0.002 -14"><span class='ocrx_word' id='word_1_140' title='bbox 144 2501 421 2562; x_wconf 85' lang='lat' dir='ltr'>lucubrationibus</span> <span class='ocrx_word' id='word_1_141' title='bbox 452 2500 572 2560; x_wconf 87' lang='lat' dir='ltr'>fuerint</span> <span class='ocrx_word' id='word_1_142' title='bbox 603 2500 696 2560; x_wconf 88' lang='lat' dir='ltr'>docet</span> <span class='ocrx_word' id='word_1_143' title='bbox 726 2515 790 2559; x_wconf 82' lang='lat' dir='ltr'>vox</span> <span class='ocrx_word' id='word_1_144' title='bbox 821 2496 915 2576; x_wconf 78' lang='grc' dir='ltr'><strong><em>πηγὸς</em></strong></span> <span class='ocrx_word' id='word_1_145' title='bbox 946 2500 1020 2559; x_wconf 84' lang='lat' dir='ltr'>aclis</span> <span class='ocrx_word' id='word_1_146' title='bbox 1051 2514 1150 2559; x_wconf 91' lang='lat' dir='ltr'>sensu</span> <span class='ocrx_word' id='word_1_147' title='bbox 1177 2514 1196 2559; x_wconf 92' lang='lat' dir='ltr'>a</span> <span class='ocrx_word' id='word_1_148' title='bbox 1221 2513 1341 2559; x_wconf 88' lang='lat' dir='ltr'>vesano</span> <span class='ocrx_word' id='word_1_149' title='bbox 1363 2499 1419 2559; x_wconf 91' lang='lat' dir='ltr'>illo</span> 
     </span>
     <span class='ocr_line' id='line_1_22' title="bbox 143 2600 1418 2676; baseline -0.003 -13"><span class='ocrx_word' id='word_1_150' title='bbox 143 2619 246 2676; x_wconf 88' lang='lat' dir='ltr'>coquo</span> <span class='ocrx_word' id='word_1_151' title='bbox 278 2618 318 2662; x_wconf 86' lang='lat' dir='ltr'>ex</span> <span class='ocrx_word' id='word_1_152' title='bbox 346 2601 491 2662; x_wconf 85' lang='lat' dir='ltr'>Philetas</span> <span class='ocrx_word' id='word_1_153' title='bbox 519 2601 643 2661; x_wconf 88' lang='lat' dir='ltr'>scilicet</span> <span class='ocrx_word' id='word_1_154' title='bbox 674 2601 868 2661; x_wconf 87' lang='lat' dir='ltr'>auctoritate</span> <span class='ocrx_word' id='word_1_155' title='bbox 891 2600 1052 2674; x_wconf 83' lang='lat' dir='ltr'>adhibita;</span> <span class='ocrx_word' id='word_1_156' title='bbox 1076 2615 1139 2660; x_wconf 90' lang='lat' dir='ltr'>non</span> <span class='ocrx_word' id='word_1_157' title='bbox 1163 2600 1251 2660; x_wconf 90' lang='lat' dir='ltr'>enim</span> <span class='ocrx_word' id='word_1_158' title='bbox 1274 2600 1418 2660; x_wconf 90' lang='lat' dir='ltr'>Homeri·</span> 
     </span>
     <span class='ocr_line' id='line_1_23' title="bbox 145 2699 1419 2782; baseline -0.002 -18"><span class='ocrx_word' id='word_1_159' title='bbox 145 2720 219 2764; x_wconf 87' lang='lat' dir='ltr'>cum</span> <span class='ocrx_word' id='word_1_160' title='bbox 256 2706 307 2764; x_wconf 86' lang='lat' dir='ltr'>est</span> <span class='ocrx_word' id='word_1_161' title='bbox 342 2701 437 2782; x_wconf 82' lang='grc' dir='ltr'><strong><em>πηγός</em></strong></span> <span class='ocrx_word' id='word_1_162' title='bbox 471 2719 528 2778; x_wconf 81' lang='lat' dir='ltr'>pro</span> <span class='ocrx_word' id='word_1_163' title='bbox 559 2699 635 2777; x_wconf 71' lang='grc' dir='ltr'><strong><em>ἅλες,</em></strong></span> <span class='ocrx_word' id='word_1_164' title='bbox 664 2702 721 2762; x_wconf 89' lang='lat' dir='ltr'>sed</span> <span class='ocrx_word' id='word_1_165' title='bbox 752 2702 785 2760; x_wconf 92' lang='lat' dir='ltr'>ni</span> <span class='ocrx_word' id='word_1_166' title='bbox 810 2702 904 2762; x_wconf 80' lang='lat' dir='ltr'>fallor</span> <span class='ocrx_word' id='word_1_167' title='bbox 930 2703 1125 2776; x_wconf 86' lang='lat' dir='ltr'>quibusdam</span> <span class='ocrx_word' id='word_1_168' title='bbox 1148 2701 1227 2762; x_wconf 89' lang='lat' dir='ltr'>olim</span> <span class='ocrx_word' id='word_1_169' title='bbox 1252 2701 1419 2762; x_wconf 88' lang='lat' dir='ltr'>videbatur</span> 
     </span>
     <span class='ocr_line' id='line_1_24' title="bbox 146 2803 1418 2884; baseline -0.003 -18"><span class='ocrx_word' id='word_1_170' title='bbox 146 2821 276 2867; x_wconf 81' lang='lat' dir='ltr'>cassam</span> <span class='ocrx_word' id='word_1_171' title='bbox 301 2821 412 2866; x_wconf 88' lang='lat' dir='ltr'>vocem</span> <span class='ocrx_word' id='word_1_172' title='bbox 437 2804 535 2884; x_wconf 75' lang='grc' dir='ltr'><strong><em>πηρὸν</em></strong></span> <span class='ocrx_word' id='word_1_173' title='bbox 558 2812 639 2881; x_wconf 83' lang='grc' dir='ltr'><strong><em>κῦμα</em></strong></span> <span class='ocrx_word' id='word_1_174' title='bbox 662 2825 674 2864; x_wconf 88' lang='grc' dir='ltr'><strong><em>ε</em></strong></span> <span class='ocrx_word' id='word_1_175' title='bbox 696 2805 759 2864; x_wconf 86' lang='grc'>388</span> <span class='ocrx_word' id='word_1_176' title='bbox 781 2803 913 2879; x_wconf 67' lang='grc' dir='ltr'><strong><em>[ἱκάνοι</em></strong></span> <span class='ocrx_word' id='word_1_177' title='bbox 936 2805 1101 2864; x_wconf 83' lang='lat' dir='ltr'>marinum</span> <span class='ocrx_word' id='word_1_178' title='bbox 1122 2803 1418 2877; x_wconf 87' lang='lat' dir='ltr'>interpretantibus.</span> 
     </span>
     <span class='ocr_line' id='line_1_25' title="bbox 146 2905 1419 2986; baseline -0.002 -18"><span class='ocrx_word' id='word_1_179' title='bbox 146 2909 234 2969; x_wconf 82' lang='lat' dir='ltr'>Alios</span> <span class='ocrx_word' id='word_1_180' title='bbox 259 2923 383 2968; x_wconf 87' lang='lat' dir='ltr'>errores</span> <span class='ocrx_word' id='word_1_181' title='bbox 402 2915 461 2965; x_wconf 84' lang='grc' dir='ltr'>τῶν</span> <span class='ocrx_word' id='word_1_182' title='bbox 480 2905 720 2986; x_wconf 77' lang='grc' dir='ltr'><strong><em>γλωσσογράφον</em></strong></span> <span class='ocrx_word' id='word_1_183' title='bbox 740 2907 863 2980; x_wconf 86' lang='lat' dir='ltr'>passim</span> <span class='ocrx_word' id='word_1_184' title='bbox 884 2908 1038 2966; x_wconf 86' lang='lat' dir='ltr'>notarunt</span> <span class='ocrx_word' id='word_1_185' title='bbox 1057 2907 1265 2966; x_wconf 85' lang='lat' dir='ltr'>Aristarchus</span> <span class='ocrx_word' id='word_1_186' title='bbox 1285 2907 1419 2978; x_wconf 89' lang='lat' dir='ltr'>eiusque</span> 
     </span>
     <span class='ocr_line' id='line_1_26' title="bbox 146 3008 875 3083; baseline -0.003 -15"><span class='ocrx_word' id='word_1_187' title='bbox 146 3009 310 3083; x_wconf 89' lang='lat' dir='ltr'>discipuli;</span> <span class='ocrx_word' id='word_1_188' title='bbox 336 3008 398 3068; x_wconf 90' lang='lat' dir='ltr'>vid.</span> <span class='ocrx_word' id='word_1_189' title='bbox 423 3009 524 3068; x_wconf 84' lang='lat' dir='ltr'>Lehrs</span> <span class='ocrx_word' id='word_1_190' title='bbox 548 3008 662 3068; x_wconf 80' lang='lat' dir='ltr'>hrist.²</span> <span class='ocrx_word' id='word_1_191' title='bbox 685 3022 715 3082; x_wconf 90' lang='lat' dir='ltr'>p.</span> <span class='ocrx_word' id='word_1_192' title='bbox 741 3008 783 3067; x_wconf 83' lang='lat'>36</span> <span class='ocrx_word' id='word_1_193' title='bbox 807 3021 875 3079; x_wconf 86' lang='lat' dir='ltr'>sqq.</span> 
     </span>
    </p>

    <p class='ocr_par' dir='ltr' id='par_1_6' title="bbox 104 3109 1421 3891">
     <span class='ocr_line' id='line_1_27' title="bbox 189 3109 1417 3184; baseline 0 -15"><span class='ocrx_word' id='word_1_194' title='bbox 189 3110 238 3170; x_wconf 83' lang='lat' dir='ltr'>hd</span> <span class='ocrx_word' id='word_1_195' title='bbox 270 3110 431 3170; x_wconf 77' lang='lat' dir='ltr'>Philotam</span> <span class='ocrx_word' id='word_1_196' title='bbox 462 3110 546 3183; x_wconf 92' lang='lat' dir='ltr'>quod</span> <span class='ocrx_word' id='word_1_197' title='bbox 575 3109 702 3183; x_wconf 89' lang='lat' dir='ltr'>attinet,</span> <span class='ocrx_word' id='word_1_198' title='bbox 735 3109 798 3168; x_wconf 92' lang='lat' dir='ltr'>duo</span> <span class='ocrx_word' id='word_1_199' title='bbox 826 3110 954 3168; x_wconf 89' lang='lat' dir='ltr'>tantum</span> <span class='ocrx_word' id='word_1_200' title='bbox 979 3110 1049 3169; x_wconf 90' lang='lat' dir='ltr'>eius</span> <span class='ocrx_word' id='word_1_201' title='bbox 1072 3110 1362 3184; x_wconf 86' lang='lat' dir='ltr'>interpretamenta</span> <span class='ocrx_word' id='word_1_202' title='bbox 1384 3111 1417 3169; x_wconf 94' lang='lat' dir='ltr'>in</span> 
     </span>
     <span class='ocr_line' id='line_1_28' title="bbox 104 3209 1418 3295; baseline 0 -25"><span class='ocrx_word' id='word_1_203' title='bbox 104 3291 105 3295; x_wconf 7' lang='grc' dir='ltr'><strong>Ἰ</strong></span> <span class='ocrx_word' id='word_1_204' title='bbox 147 3212 277 3272; x_wconf 85' lang='lat' dir='ltr'>scholiis</span> <span class='ocrx_word' id='word_1_205' title='bbox 308 3210 490 3272; x_wconf 88' lang='lat' dir='ltr'>Homericis</span> <span class='ocrx_word' id='word_1_206' title='bbox 520 3210 702 3285; x_wconf 88' lang='lat' dir='ltr'>laudantur,</span> <span class='ocrx_word' id='word_1_207' title='bbox 734 3209 910 3269; x_wconf 88' lang='lat' dir='ltr'>absurdum</span> <span class='ocrx_word' id='word_1_208' title='bbox 941 3212 1053 3270; x_wconf 89' lang='lat' dir='ltr'>autem</span> <span class='ocrx_word' id='word_1_209' title='bbox 1085 3213 1136 3271; x_wconf 86' lang='lat' dir='ltr'>est</span> <span class='ocrx_word' id='word_1_210' title='bbox 1165 3213 1356 3284; x_wconf 86' lang='lat' dir='ltr'>utrumque:</span> <span class='ocrx_word' id='word_1_211' title='bbox 1386 3211 1418 3270; x_wconf 90' lang='lat' dir='ltr'>in</span> 
     </span>
     <span class='ocr_line' id='line_1_29' title="bbox 149 3309 1418 3390; baseline 0.002 -20"><span class='ocrx_word' id='word_1_212' title='bbox 149 3329 242 3373; x_wconf 84' lang='lat' dir='ltr'>versu</span> <span class='ocrx_word' id='word_1_213' title='bbox 267 3309 384 3390; x_wconf 80' lang='grc' dir='ltr'><strong><em>ἀχρεῖον</em></strong></span> <span class='ocrx_word' id='word_1_214' title='bbox 407 3310 481 3372; x_wconf 84' lang='grc' dir='ltr'><strong><em>ι’δὼν</em></strong></span> <span class='ocrx_word' id='word_1_215' title='bbox 505 3309 692 3390; x_wconf 80' lang='grc' dir='ltr'><strong><em>ἀπομόρξατο</em></strong></span> <span class='ocrx_word' id='word_1_216' title='bbox 718 3309 812 3390; x_wconf 80' lang='grc' dir='ltr'><strong><em>δάκρυ</em></strong></span> <span class='ocrx_word' id='word_1_217' title='bbox 836 3313 861 3369; x_wconf 89' lang='grc' dir='ltr'><strong><em>Β</em></strong></span> <span class='ocrx_word' id='word_1_218' title='bbox 886 3314 949 3372; x_wconf 83' lang='grc'>269</span> <span class='ocrx_word' id='word_1_219' title='bbox 974 3328 1088 3374; x_wconf 78' lang='lat' dir='ltr'>vocem</span> <span class='ocrx_word' id='word_1_220' title='bbox 1113 3313 1222 3371; x_wconf 78' lang='lat' dir='ltr'>rAllN</span> <span class='ocrx_word' id='word_1_221' title='bbox 1255 3328 1311 3387; x_wconf 83' lang='lat' dir='ltr'>pro</span> <span class='ocrx_word' id='word_1_222' title='bbox 1334 3313 1418 3386; x_wconf 83' lang='lat' dir='ltr'>geni-</span> 
     </span>
     <span class='ocr_line' id='line_1_30' title="bbox 148 3408 1417 3492; baseline 0.001 -20"><span class='ocrx_word' id='word_1_223' title='bbox 148 3415 211 3473; x_wconf 85' lang='lat' dir='ltr'>tivo</span> <span class='ocrx_word' id='word_1_224' title='bbox 239 3414 374 3487; x_wconf 88' lang='lat' dir='ltr'>pluralis</span> <span class='ocrx_word' id='word_1_225' title='bbox 405 3415 533 3474; x_wconf 88' lang='lat' dir='ltr'>numeri</span> <span class='ocrx_word' id='word_1_226' title='bbox 560 3408 858 3490; x_wconf 74' lang='lat' dir='ltr'>ldav=dqodolpdov</span> <span class='ocrx_word' id='word_1_227' title='bbox 880 3414 1028 3490; x_wconf 86' lang='lat' dir='ltr'>habebat,</span> <span class='ocrx_word' id='word_1_228' title='bbox 1053 3416 1086 3475; x_wconf 86' lang='lat' dir='ltr'>et</span> <span class='ocrx_word' id='word_1_229' title='bbox 1109 3418 1201 3492; x_wconf 83' lang='grc' dir='ltr'><strong><em>φρῐκα</em></strong></span> <span class='ocrx_word' id='word_1_230' title='bbox 1226 3416 1254 3473; x_wconf 88' lang='grc' dir='ltr'><em>Φ</em></span> <span class='ocrx_word' id='word_1_231' title='bbox 1280 3416 1341 3473; x_wconf 83' lang='grc'>126</span> <span class='ocrx_word' id='word_1_232' title='bbox 1366 3430 1417 3473; x_wconf 86' lang='lat' dir='ltr'>ex·</span> 
     </span>
     <span class='ocr_line' id='line_1_31' title="bbox 149 3513 1418 3591; baseline 0.001 -16"><span class='ocrx_word' id='word_1_233' title='bbox 149 3516 286 3589; x_wconf 88' lang='lat' dir='ltr'>plicabat</span> <span class='ocrx_word' id='word_1_234' title='bbox 304 3517 420 3591; x_wconf 73' lang='lat' dir='ltr'>frique,</span> <span class='ocrx_word' id='word_1_235' title='bbox 451 3516 512 3576; x_wconf 87' lang='lat' dir='ltr'>toti</span> <span class='ocrx_word' id='word_1_236' title='bbox 542 3513 611 3575; x_wconf 91' lang='lat' dir='ltr'>loco</span> <span class='ocrx_word' id='word_1_237' title='bbox 638 3529 773 3574; x_wconf 89' lang='lat' dir='ltr'>sensum</span> <span class='ocrx_word' id='word_1_238' title='bbox 797 3514 942 3575; x_wconf 90' lang='lat' dir='ltr'>tribuens</span> <span class='ocrx_word' id='word_1_239' title='bbox 962 3530 1061 3589; x_wconf 91' lang='lat' dir='ltr'>quam</span> <span class='ocrx_word' id='word_1_240' title='bbox 1081 3516 1225 3576; x_wconf 86' lang='lat' dir='ltr'>maxime</span> <span class='ocrx_word' id='word_1_241' title='bbox 1245 3515 1418 3576; x_wconf 90' lang='lat' dir='ltr'>insulsum.</span> 
     </span>
     <span class='ocr_line' id='line_1_32' title="bbox 149 3615 1420 3692; baseline 0.002 -17"><span class='ocrx_word' id='word_1_242' title='bbox 149 3616 291 3677; x_wconf 76' lang='lat' dir='ltr'>Tertium</span> <span class='ocrx_word' id='word_1_243' title='bbox 319 3617 522 3691; x_wconf 81' lang='lat' dir='ltr'>cognoscitur</span> <span class='ocrx_word' id='word_1_244' title='bbox 549 3631 566 3676; x_wconf 88' lang='lat' dir='ltr'>e</span> <span class='ocrx_word' id='word_1_245' title='bbox 593 3615 809 3676; x_wconf 86' lang='lat' dir='ltr'>carminis-</span> <span class='ocrx_word' id='word_1_246' title='bbox 837 3631 915 3675; x_wconf 92' lang='lat' dir='ltr'>nam</span> <span class='ocrx_word' id='word_1_247' title='bbox 939 3619 1034 3691; x_wconf 91' lang='lat' dir='ltr'>poeta</span> <span class='ocrx_word' id='word_1_248' title='bbox 1057 3618 1180 3692; x_wconf 85' lang='lat' dir='ltr'>etipse</span> <span class='ocrx_word' id='word_1_249' title='bbox 1204 3617 1315 3678; x_wconf 87' lang='lat' dir='ltr'>baberi</span> <span class='ocrx_word' id='word_1_250' title='bbox 1338 3617 1420 3677; x_wconf 90' lang='lat' dir='ltr'>volo·</span> 
     </span>
     <span class='ocr_line' id='line_1_33' title="bbox 151 3717 1421 3798; baseline 0.002 -21"><span class='ocrx_word' id='word_1_251' title='bbox 151 3717 211 3793; x_wconf 89' lang='lat' dir='ltr'>bat,</span> <span class='ocrx_word' id='word_1_252' title='bbox 242 3721 276 3778; x_wconf 90' lang='lat' dir='ltr'>et</span> <span class='ocrx_word' id='word_1_253' title='bbox 306 3718 414 3779; x_wconf 88' lang='lat' dir='ltr'>clarus</span> <span class='ocrx_word' id='word_1_254' title='bbox 440 3717 611 3791; x_wconf 83' lang='lat' dir='ltr'>aliquando</span> <span class='ocrx_word' id='word_1_255' title='bbox 643 3720 695 3776; x_wconf 88' lang='lat' dir='ltr'>est</span> <span class='ocrx_word' id='word_1_256' title='bbox 719 3717 859 3792; x_wconf 88' lang='lat' dir='ltr'>habitus,</span> <span class='ocrx_word' id='word_1_257' title='bbox 888 3751 926 3760; x_wconf 97' lang='lat'>-</span> <span class='ocrx_word' id='word_1_258' title='bbox 953 3734 970 3778; x_wconf 89' lang='lat' dir='ltr'>e</span> <span class='ocrx_word' id='word_1_259' title='bbox 995 3719 1149 3779; x_wconf 87' lang='lat' dir='ltr'>carminis</span> <span class='ocrx_word' id='word_1_260' title='bbox 1174 3717 1328 3798; x_wconf 74' lang='grc' dir='ltr'><strong><em>Παιγνίωυ</em></strong></span> <span class='ocrx_word' id='word_1_261' title='bbox 1351 3718 1421 3779; x_wconf 90' lang='lat' dir='ltr'>loco</span> 
     </span>
     <span class='ocr_line' id='line_1_34' title="bbox 152 3818 911 3891; baseline 0.004 -15"><span class='ocrx_word' id='word_1_262' title='bbox 152 3819 229 3891; x_wconf 85' lang='lat' dir='ltr'>apud</span> <span class='ocrx_word' id='word_1_263' title='bbox 254 3818 431 3880; x_wconf 77' lang='lat' dir='ltr'>stobaeum</span> <span class='ocrx_word' id='word_1_264' title='bbox 455 3818 561 3879; x_wconf 87' lang='lat' dir='ltr'>Floril.</span> <span class='ocrx_word' id='word_1_265' title='bbox 588 3819 725 3880; x_wconf 83' lang='lat' dir='ltr'>LXXXI</span> <span class='ocrx_word' id='word_1_266' title='bbox 749 3821 768 3878; x_wconf 82' lang='grc'>4</span> <span class='ocrx_word' id='word_1_267' title='bbox 793 3818 911 3879; x_wconf 82' lang='lat' dir='ltr'>allato:</span> 
     </span>
    </p>

    <p class='ocr_par' dir='ltr' id='par_1_7' title="bbox 414 3915 1130 4099">
     <span class='ocr_line' id='line_1_35' title="bbox 414 3915 1130 3999; baseline 0.003 -20"><span class='ocrx_word' id='word_1_268' title='bbox 414 3917 451 3980; x_wconf 84' lang='grc' dir='ltr'>οὔ</span> <span class='ocrx_word' id='word_1_269' title='bbox 474 3916 510 3997; x_wconf 79' lang='grc' dir='ltr'>μέ</span> <span class='ocrx_word' id='word_1_270' title='bbox 533 3942 576 3991; x_wconf 87' lang='grc' dir='ltr'>τις</span> <span class='ocrx_word' id='word_1_271' title='bbox 600 3917 629 3993; x_wconf 79' lang='grc' dir='ltr'>ἕξ</span> <span class='ocrx_word' id='word_1_272' title='bbox 654 3915 747 3998; x_wconf 79' lang='grc' dir='ltr'><strong><em>ὀρέων</em></strong></span> <span class='ocrx_word' id='word_1_273' title='bbox 771 3917 944 3995; x_wconf 82' lang='grc' dir='ltr'><strong><em>ἀποφώλιος</em></strong></span> <span class='ocrx_word' id='word_1_274' title='bbox 967 3918 1130 3999; x_wconf 79' lang='grc' dir='ltr'><strong><em>ἀγροιώτης</em></strong></span> 
     </span>
     <span class='ocr_line' id='line_1_36' title="bbox 415 4020 539 4099; baseline 0 -19"><span class='ocrx_word' id='word_1_275' title='bbox 415 4020 539 4099; x_wconf 78' lang='grc' dir='ltr'><strong><em>αἱρήσει,</em></strong></span> 
     </span>
    </p>
   </div>
   <div class='ocr_carea' id='block_1_3' title="bbox 156 4196 340 4206">
    <p class='ocr_par' dir='ltr' id='par_1_8' title="bbox 156 4196 340 4206">
     <span class='ocr_line' id='line_1_37' title="bbox 156 4196 340 4206; baseline -0.005 -2"><span class='ocrx_word' id='word_1_276' title='bbox 156 4196 327 4206; x_wconf 39' lang='grc' dir='ltr'>-φ-...ῇ</span> <span class='ocrx_word' id='word_1_277' title='bbox 337 4198 340 4203; x_wconf 71' lang='grc'><strong><em>,</em></strong></span> 
     </span>
    </p>
   </div>
   <div class='ocr_carea' id='block_1_4' title="bbox 150 4313 1424 4620">
    <p class='ocr_par' dir='ltr' id='par_1_9' title="bbox 152 4313 1424 4456">
     <span class='ocr_line' id='line_1_38' title="bbox 183 4313 1424 4380; baseline 0.004 -18"><span class='ocrx_word' id='word_1_278' title='bbox 183 4313 200 4376; x_wconf 84' lang='grc' dir='ltr'>ι)</span> <span class='ocrx_word' id='word_1_279' title='bbox 217 4317 248 4363; x_wconf 87' lang='grc' dir='ltr'>Ιιι</span> <span class='ocrx_word' id='word_1_280' title='bbox 267 4317 350 4376; x_wconf 85' lang='lat' dir='ltr'>epicis</span> <span class='ocrx_word' id='word_1_281' title='bbox 368 4330 434 4375; x_wconf 77' lang='lat' dir='ltr'>quae</span> <span class='ocrx_word' id='word_1_282' title='bbox 452 4321 540 4364; x_wconf 62' lang='lat' dir='ltr'>exunt</span> <span class='ocrx_word' id='word_1_283' title='bbox 559 4319 715 4366; x_wconf 84' lang='lat' dir='ltr'>carminibus</span> <span class='ocrx_word' id='word_1_284' title='bbox 733 4320 782 4367; x_wconf 90' lang='lat' dir='ltr'>hoc</span> <span class='ocrx_word' id='word_1_285' title='bbox 801 4320 942 4380; x_wconf 81' lang='lat' dir='ltr'>epitheton,</span> <span class='ocrx_word' id='word_1_286' title='bbox 957 4320 1027 4379; x_wconf 85' lang='lat' dir='ltr'>quod</span> <span class='ocrx_word' id='word_1_287' title='bbox 1046 4318 1119 4367; x_wconf 74' lang='lat' dir='ltr'>verris</span> <span class='ocrx_word' id='word_1_288' title='bbox 1134 4321 1214 4367; x_wconf 86' lang='lat' dir='ltr'>fuisse</span> <span class='ocrx_word' id='word_1_289' title='bbox 1232 4320 1359 4367; x_wconf 85' lang='lat' dir='ltr'>intellexit</span> <span class='ocrx_word' id='word_1_290' title='bbox 1375 4335 1424 4368; x_wconf 85' lang='lat' dir='ltr'>von</span> 
     </span>
     <span class='ocr_line' id='line_1_39' title="bbox 152 4395 546 4456; baseline 0.013 -17"><span class='ocrx_word' id='word_1_291' title='bbox 152 4395 322 4452; x_wconf 68' lang='lat' dir='ltr'>wilnmowitz,</span> <span class='ocrx_word' id='word_1_292' title='bbox 342 4409 393 4443; x_wconf 88' lang='lat' dir='ltr'>non</span> <span class='ocrx_word' id='word_1_293' title='bbox 413 4397 546 4456; x_wconf 85' lang='lat' dir='ltr'>reperitur.</span> 
     </span>
    </p>

    <p class='ocr_par' dir='ltr' id='par_1_10' title="bbox 150 4468 1420 4620">
     <span class='ocr_line' id='line_1_40' title="bbox 182 4468 1420 4538; baseline 0.003 -18"><span class='ocrx_word' id='word_1_294' title='bbox 182 4468 201 4535; x_wconf 74' lang='lat'>²)</span> <span class='ocrx_word' id='word_1_295' title='bbox 218 4474 282 4521; x_wconf 82' lang='lat' dir='ltr'>Nam</span> <span class='ocrx_word' id='word_1_296' title='bbox 299 4478 417 4531; x_wconf 77' lang='grc' dir='ltr'><strong><em>μίστυλλα</em></strong></span> <span class='ocrx_word' id='word_1_297' title='bbox 433 4489 522 4523; x_wconf 81' lang='lat' dir='ltr'>vocem</span> <span class='ocrx_word' id='word_1_298' title='bbox 541 4478 619 4525; x_wconf 77' lang='lat' dir='ltr'>stulte</span> <span class='ocrx_word' id='word_1_299' title='bbox 636 4479 710 4524; x_wconf 85' lang='lat' dir='ltr'>finxit</span> <span class='ocrx_word' id='word_1_300' title='bbox 726 4479 748 4524; x_wconf 88' lang='lat' dir='ltr'>is</span> <span class='ocrx_word' id='word_1_301' title='bbox 766 4480 811 4536; x_wconf 89' lang='lat' dir='ltr'>qui</span> <span class='ocrx_word' id='word_1_302' title='bbox 828 4479 937 4538; x_wconf 87' lang='lat' dir='ltr'>loquens</span> <span class='ocrx_word' id='word_1_303' title='bbox 955 4479 1092 4537; x_wconf 84' lang='lat' dir='ltr'>inducitur,</span> <span class='ocrx_word' id='word_1_304' title='bbox 1107 4479 1181 4537; x_wconf 84' lang='lat' dir='ltr'>quasi</span> <span class='ocrx_word' id='word_1_305' title='bbox 1195 4492 1288 4525; x_wconf 88' lang='lat' dir='ltr'>nomen</span> <span class='ocrx_word' id='word_1_306' title='bbox 1302 4480 1420 4526; x_wconf 83' lang='lat' dir='ltr'>substan-</span> 
     </span>
     <span class='ocr_line' id='line_1_41' title="bbox 150 4553 1298 4620; baseline 0.005 -22"><span class='ocrx_word' id='word_1_307' title='bbox 150 4554 228 4601; x_wconf 79' lang='lat' dir='ltr'>tivum</span> <span class='ocrx_word' id='word_1_308' title='bbox 245 4557 319 4601; x_wconf 85' lang='lat' dir='ltr'>asset</span> <span class='ocrx_word' id='word_1_309' title='bbox 337 4553 502 4616; x_wconf 78' lang='lat' dir='ltr'>Homericum</span> <span class='ocrx_word' id='word_1_310' title='bbox 520 4556 585 4602; x_wconf 87' lang='lat' dir='ltr'>illud</span> <span class='ocrx_word' id='word_1_311' title='bbox 601 4560 726 4614; x_wconf 74' lang='grc' dir='ltr'><strong><em>μίστυλλόν</em></strong></span> <span class='ocrx_word' id='word_1_312' title='bbox 743 4559 762 4603; x_wconf 78' lang='grc' dir='ltr'>τ’</span> <span class='ocrx_word' id='word_1_313' title='bbox 782 4559 828 4620; x_wconf 84' lang='grc' dir='ltr'>ἄρα</span> <span class='ocrx_word' id='word_1_314' title='bbox 845 4559 933 4612; x_wconf 78' lang='grc' dir='ltr'><strong><em>τ’ἄλλα,</em></strong></span> <span class='ocrx_word' id='word_1_315' title='bbox 954 4572 1004 4604; x_wconf 90' lang='lat' dir='ltr'>non</span> <span class='ocrx_word' id='word_1_316' title='bbox 1021 4558 1094 4607; x_wconf 81' lang='lat' dir='ltr'>verbi</span> <span class='ocrx_word' id='word_1_317' title='bbox 1111 4558 1298 4616; x_wconf 77' lang='lat' dir='ltr'>imperfectum.</span> 
     </span>
    </p>
   </div>
   <div class='ocr_carea' id='block_1_5' title="bbox 0 0 1583 5124">
    <p class='ocr_par' dir='ltr' id='par_1_11' title="bbox 0 0 1583 5124">
     <span class='ocr_line' id='line_1_42' title="bbox 0 0 1583 5124; baseline 0 0"><span class='ocrx_word' id='word_1_318' title='bbox 0 0 1583 5124; x_wconf 95' lang='lat' dir='ltr'> </span> 
     </span>
    </p>
   </div>
  </div>
 </body>
</html>
