3120 5124
746 430 810 492 358
1295 432 1321 505 [ἐ
1340 431 1393 493 145

188 621 330 694 Denique
352 620 503 685 hocloco
525 620 695 681 indicanda
718 622 797 680 sunt
820 620 918 681 verba
941 635 1080 693 quorum
1109 620 1295 680 terminatio
1315 619 1393 680 mod<

142 723 215 782 -εύω
238 724 290 783 est
313 722 409 784 modo
432 718 502 782 -ἕωλ

276 820 372 903 ἆχεύω
407 860 421 867 -
434 819 508 900 &pter
531 822 550 892 ἓ
573 822 648 883 240.

277 924 386 985 δινεύω
409 961 423 968 -
436 920 532 984 doctu.

187 1028 240 1088 Sic
275 1025 396 1109 ζητεύης
429 1026 507 1086 Hes.
536 1025 592 1101 Op.
618 1026 683 1085 400
718 1027 844 1102 dicitur,
881 1025 977 1103 ζητεῖν
1013 1027 1046 1087 in
1080 1027 1193 1100 lingua
1228 1026 1393 1087 recentiore

142 1129 259 1208 ματεύω
294 1127 452 1188 aoristum
486 1127 585 1188 habet
618 1144 728 1204 μοιησ-
763 1128 838 1198 (vid.
873 1128 891 1197 ἓ
925 1128 1025 1204 2863),
1057 1125 1227 1206 ἐπιδημεύιο
1256 1133 1305 1189 est
1324 1147 1343 1186 π
1360 1127 1392 1186 2

142 1232 225 1306 quod
259 1227 413 1306 ἐπιδημεῖν
447 1228 558 1289 dicunt
588 1230 814 1305 Athenienses,
846 1229 983 1289 πολεύειν
1013 1252 1030 1307 χ
1055 1231 1118 1290 223
1149 1245 1169 1290 a
1197 1230 1301 1290 radice
1322 1227 1393 1289 vert

141 1331 266 1411 πέλομοιι
300 1333 370 1393 sive
404 1327 554 1408 ποιλέομοιι
588 1332 617 1402 (5
648 1333 723 1401 275)
756 1332 853 1392 ducta
882 1334 933 1392 est
956 1331 1071 1405 forma,
1096 1333 1177 1393 item
1201 1332 1393 1407 compositun

143 1433 357 1514 ἀμφιπολεύειν
380 1457 400 1493 ο
422 1433 474 1510 78,
493 1449 549 1507 pro
573 1448 635 1506 quo
659 1430 840 1510 ἀμφιπολεῖν
864 1434 975 1494 dicunt
995 1434 1154 1494 Pindarus
1178 1436 1212 1495 et
1233 1434 1393 1509 Sophocle:

143 1537 261 1599 Contra
293 1533 431 1613 ἐμόχλεον
464 1537 506 1593 Μ
538 1536 601 1595 259
638 1537 671 1595 et
701 1531 834 1594 ἐδίσκεον
865 1539 889 1593 θ
924 1535 986 1595 183
1018 1535 1179 1612 leguntur,
1203 1536 1348 1614 μοχλεύειν
1377 1549 1393 1588 ι

142 1639 289 1700 δισκεύειν
320 1638 402 1713 apud
425 1637 631 1697 recentiores,
657 1634 879 1711 comparanda
901 1638 979 1696 eunt
1006 1639 1174 1710 praeterea
1199 1636 1321 1714 δεύομοι
1340 1638 1393 1697 rt

142 1739 256 1818 δέομαι,
303 1736 480 1818 χέον-ἔχευα
514 1739 532 1809 5
566 1738 638 1815 189,
670 1735 793 1815 ἀλέομοιι
830 1735 983 1815 ιἠλευάμην
1017 1739 1036 1809 5
1070 1738 1143 1815 180,
1176 1733 1393 1818 tetro-ipone&

142 1844 255 1919 5264,
278 1844 312 1903 et
334 1842 428 1902 extra
451 1840 630 1901 Homerum
651 1837 813 1916 ἐπιτηδεύω
838 1840 878 1900 ab
901 1839 1060 1900 adiectivo
1084 1836 1224 1917 ἐπικηδής
1249 1843 1323 1916 etc.;
1345 1840 1393 1899 vi·

142 1946 242 2006 etiarn
265 1944 283 2013 5
311 1943 374 2002 190
398 1943 431 2002 in
454 1941 527 2003 fine.

187 2049 224 2107 In
260 2046 388 2106 diversa
421 2044 570 2105 abierunt
606 2043 719 2105 δοκεύοι
754 2043 913 2104 otaerucre
948 2046 982 2104 et
1013 2040 1105 2104 δοκέω
1128 2048 1244 2119 putare
1272 2045 1289 2113 ἐ
1318 2042 1393 2103 193·

142 2148 306 2209 artissime
330 2150 442 2207 tamen
465 2146 545 2205 haec
568 2159 694 2218 quoque
718 2145 817 2205 verba
840 2147 978 2217 cognata
1000 2160 1074 2206 esse
1098 2161 1173 2205 cum
1201 2147 1265 2206 alia
1294 2148 1393 2206 testa]

143 2255 196 2311 tur
220 2253 290 2309 tum
315 2248 519 2322 participium
544 2244 742 2324 δεδοκημένος
767 2247 792 2305 0
818 2247 892 2306 730.

380 2527 421 2585 Π.
459 2525 503 2584 Dc
522 2524 652 2602 {lemene
675 2540 754 2598 quac
776 2524 872 2584 uocati
893 2524 1056 2585 thamutica
1078 2528 1170 2586 carot.

186 2759 304 2844 5145.
339 2764 376 2823 In
411 2763 573 2838 praesenti
607 2766 704 2838 atque
737 2763 926 2838 imperfecto
957 2763 1156 2838 frequentior
1186 2764 1269 2839 apud
1296 2763 1393 2824 Hom·

143 2882 216 2927 rum
239 2880 338 2940 quam
359 2866 391 2925 in
415 2865 526 2940 lingua
551 2867 728 2926 recentiore
751 2868 803 2925 eet
825 2865 921 2925 flexio
946 2880 1028 2938 quae
1052 2867 1142 2926 caret
1166 2865 1269 2926 vocali
1292 2865 1393 2926 them:

144 2969 210 3028 tica
244 2968 313 3027 sive
345 2967 441 3027 flexio
475 2968 508 3026 in
540 2989 595 3043 ·μι.
627 2965 750 3027 Cuncta
781 2966 847 3027 fere
877 2982 960 3039 quae
983 2967 1046 3026 huc
1068 2967 1232 3040 pertinent
1255 2979 1393 3040 congessi

146 3071 179 3129 et
202 3070 296 3128 acute
316 3067 491 3128 diudicavit
514 3068 554 3128 H.
574 3068 609 3127 L.
630 3068 757 3127 Ahrene
776 3067 810 3126 in
837 3067 1110 3127 commentatione
1133 3068 1393 3141 praestantiseiu:

146 3170 224 3230 tiber
258 3168 308 3229 die
342 3167 552 3243 conjugatron
586 3169 645 3229 auf
672 3191 704 3245 μι
735 3169 781 3228 im
812 3168 1046 3229 Homerischen
1074 3168 1222 3230 Dialelrtc
1248 3169 1332 3230 1838
1358 3168 1393 3246 (h

147 3271 307 3331 Schriften
330 3272 346 3330 Ι
368 3285 440 3345 pag.
468 3271 595 3340 1-30).

191 3373 386 3433 Praesertim
411 3374 524 3432 notatu
548 3372 662 3445 dignae
685 3373 762 3432 sunt
785 3372 909 3433 formae
933 3371 1036 3432 vocali
1067 3371 1247 3433 thematica
1270 3374 1393 3433 carent*

147 3490 228 3548 quae
263 3474 423 3535 ducuntur
454 3488 473 3532 a
504 3473 611 3533 verbis
642 3475 826 3546 ceteroquin
853 3473 890 3534 ed
917 3472 1177 3547 coniugationem
1202 3474 1393 3534 thematicar

147 3575 390 3651 pertinentibus.
415 3574 510 3634 Tales
533 3575 657 3635 formae
680 3577 773 3635 sunt:

281 3672 367 3754 φέρτε
393 3679 411 3734 l
436 3677 509 3751 171,
534 3678 563 3736 2.
588 3676 669 3750 plur.
694 3677 841 3750 imperat.
866 3691 969 3750 praee.
994 3675 1084 3736 verbi
1107 3671 1189 3753 φέρον
1212 3673 1232 3751 ξ
1258 3678 1332 3738 311.

281 3775 399 3853 ἔδμεναι
424 3781 452 3835 Δ
475 3779 539 3838 345
564 3779 636 3851 etc,
661 3776 748 3837 infin.
774 3792 878 3851 praee.
903 3778 992 3837 verbi
1015 3773 1115 3852 ἔδοξ
1142 3776 1217 3837 307.

281 3878 403 3937 τάνύται
428 3879 546 3955 Ρ393,
573 3881 601 3939 3.
626 3879 707 3952 sing.
732 3879 796 3939 ind,
820 3893 924 3953 praes,
949 3893 1035 3952 pass,
1060 3878 1149 3938 verbi
1177 3874 1278 3939 τανύω
1301 3877 1321 3955 ἓ
1343 3879 1382 3939 27

283 3977 398 4057 δέχδιεαι
423 3983 463 4038 Μ
486 3981 558 4052 147,
584 3981 613 4040 3.
639 3980 719 4054 plur.
744 3980 808 4040 ind.
832 3995 935 4054 praee.
964 3979 1050 4040 verbi
1074 3975 1195 4057 δέχομαι
1218 3978 1239 4055 ξ
1264 3981 1339 4041 227.

195 4082 286 4142 Aliae
316 4083 449 4159 formae,
474 4098 556 4156 quae
580 4083 642 4142 huc
674 4080 859 4142 referendae
882 4085 969 4151 sunt,
993 4082 1026 4140 in
1050 4079 1069 4157 β
1096 4082 1158 4141 195
1183 4082 1393 4144 indicabuntu

194 4187 231 4245 In
267 4185 387 4246 soristo
418 4185 559 4246 secundo
590 4185 702 4244 eadem
736 4183 868 4244 libertas
893 4184 1032 4257 obtinet;
1065 4183 1216 4258 exemplo
1240 4185 1285 4244 eit
1308 4185 1393 4246 aeris

151 4285 255 4347 ἔκλυον
278 4287 491 4362 imperativus
513 4289 604 4345 κλῦθι
627 4288 712 4344 κλῦτε
733 4283 753 4361 ξ
779 4285 864 4346 149⁶.

195 4392 329 4450 Inversa
359 4391 469 4449 autem
505 4388 629 4448 ratione
663 4387 746 4461 apud
782 4386 962 4447 Homemm
993 4387 1033 4446 ad
1063 4385 1239 4447 flexionem
1270 4386 1393 4450 themal

152 4508 223 4553 cam
259 4491 420 4566 pertinent
454 4489 577 4549 formae
611 4487 795 4564 nonnullae,
831 4503 913 4563 quae
948 4489 980 4548 in
1009 4488 1148 4549 dictione
1179 4489 1292 4551 Attica
1317 4494 1393 4551 voca

152 4595 329 4654 thamutica
352 4594 472 4652 carent,
497 4591 531 4652 ll.
556 4607 604 4664 g.:
