3120 5124
130 373 187 444 122]
204 422 210 427 .
657 376 721 435 818

160 557 342 638 παυσώμεθα
366 563 402 619 Η
421 561 486 621 290
512 563 541 619 Φ
565 560 642 637 467,
666 559 851 637 μνησώμεθα
877 561 903 619 0
926 561 990 621 477
1014 562 1075 622 ete.

128 660 227 736 Quales
261 662 385 723 formae
415 678 519 736 neque
551 663 737 723 recentibus
770 663 899 722 tantum
925 663 1124 737 corruptisve
1146 663 1226 723 locis
1249 679 1335 738 repe-

122 764 193 823 retur
215 757 237 833 ¹)
260 779 365 838 neque
392 765 488 824 metri
517 764 706 825 necessitati
729 764 894 839 debentur,
919 778 996 823 nam
1021 759 1146 842 ὄρσομεν
1171 764 1222 825 vel
1246 763 1336 842 δηλή-

122 885 161 941 ιαι,
188 866 225 924 nt
255 865 307 925 hie
340 867 500 941 exemplis
534 869 676 943 utamur,
709 870 742 928 et
766 866 828 928 dici
859 866 1009 926 sinebant
1032 866 1159 924 numeri
1186 866 1336 940 dactylici

135 965 275 1026 merant
297 967 374 1027 alibi
397 970 544 1029 cantores
569 969 661 1045 epici,
687 969 749 1030 vid.
775 971 803 1026 A
828 969 868 1028 16
893 964 921 1030 Ξ
944 968 1005 1027 102
1029 971 1054 1025 θ
1078 968 1143 1026 444
1166 990 1182 1045 χ
1205 969 1279 1029 368.

126 1069 225 1142 ltaque
248 1084 325 1129 cum
347 1086 389 1130 ne
411 1086 543 1131 summa
567 1072 696 1144 quidem
727 1070 862 1130 audacia
887 1067 1012 1129 efficere
1034 1069 1138 1142 possit
1160 1071 1197 1128 ut
1220 1070 1336 1129 Home·

122 1169 190 1230 sin
219 1170 416 1231 subiunctivi
447 1173 699 1233 conformatione
726 1173 856 1232 omnino
884 1171 944 1231 sibi
970 1171 1155 1231 constitisse
1176 1172 1336 1247 uideatur,

122 1272 216 1344 pereat
245 1274 283 1332 ut
304 1273 339 1332 in
362 1273 423 1333 hac
454 1288 579 1347 quoque
610 1274 844 1347 grammaticae
875 1274 967 1348 parte
999 1286 1216 1345 agnoscamus
1244 1271 1335 1332 liber·

122 1372 174 1431 tem
205 1371 297 1433 illem
333 1375 366 1434 et
401 1375 668 1448 inaequalitatem
704 1375 852 1435 dictionis
891 1375 1011 1449 epicee,
1051 1375 1084 1434 et
1122 1375 1337 1435 concedamus

122 1486 164 1548 res,
184 1472 270 1534 intra
293 1489 374 1548 quos
394 1475 591 1537 subiunctivi
622 1477 753 1537 termini
776 1498 826 1559 -ῃς
856 1498 890 1560 -ῃ
912 1490 982 1535 -σσι
1004 1472 1215 1554 -ωνταιζεθνο
1250 1475 1338 1550 epico

122 1575 255 1651 urebant,
287 1590 392 1649 neque
421 1593 441 1637 a
472 1578 563 1638 nobis
598 1594 653 1653 pro
683 1580 769 1638 certo
793 1593 888 1652 posse
913 1576 1066 1638 constitui
1089 1591 1193 1650 neque
1216 1577 1338 1637 olima

122 1676 369 1751 amscriptoribus
396 1679 539 1753 potuisse
559 1680 591 1749 ²).
626 1680 714 1755 Quod
740 1680 794 1751 qui
826 1678 980 1754 concedit,
1009 1693 1029 1738 a
1056 1677 1192 1738 lectione
1219 1678 1339 1738 tradita

122 1789 145 1835 ln
161 1780 280 1839 temere
303 1779 532 1841 discedendum
557 1796 629 1841 esse
653 1781 807 1841 concedit.

131 1877 275 1940 Idunum
300 1884 425 1942 certum
450 1882 585 1958 videtur,
611 1884 669 1942 aut
692 1883 809 1955 ubique
832 1897 890 1941 -σει
910 1897 1011 1941 -σουσι
1032 1897 1149 1942 -σσνται
1168 1883 1202 1942 et
1218 1881 1339 1942 similia

122 1993 152 2038 ue
168 1982 333 2043 scribenda
353 1985 410 2043 aut
432 2000 604 2060 nusquam,
628 1999 731 2057 neque
751 1984 850 2057 igitur
866 1983 1070 2044 tolerandum
1092 1999 1164 2045 esse
1184 1985 1218 2044 in
1244 1984 1338 2045 textu

122 2079 221 2144 uderno
254 2083 335 2145 illud
366 2083 400 2144 οἴ
424 2083 457 2145 κε’
487 2106 522 2163 με
552 2084 707 2162 τιμήσουσι
741 2100 888 2158 quaeque
912 2086 989 2144 sunt
1012 2085 1170 2145 eiusmodi
1193 2087 1226 2154 ³).
1254 2084 1338 2145 Nem

122 2182 185 2244 bristi
212 2186 455 2246 subiunctivum
488 2187 569 2248 alios
600 2187 754 2247 babuisse
784 2201 880 2246 sonos
904 2186 932 2245 si
955 2184 1160 2260 praecederet
1181 2186 1339 2261 particula

122 2298 225 2357 uquam
257 2288 286 2347 si
314 2283 342 2366 a}
361 2289 519 2362 particula
538 2289 579 2365 μή
603 2289 654 2349 rel
684 2284 763 2365 ὄφρα
788 2303 967 2362 suspensus
991 2289 1088 2361 esset,
1113 2288 1144 2347 id
1167 2302 1263 2348 nemo
1285 2288 1340 2361 qui

122 2382 202 2447 uidem
224 2403 324 2450 sanae
347 2389 392 2449 sit
415 2391 535 2451 mentis
560 2390 740 2451 contendet.

122 2547 266 2562 ⁸*—

132 2637 147 2703 ¹l
157 2645 264 2695 Primitue
282 2662 332 2696 non
350 2648 438 2695 aerleii
454 2647 500 2694 sed
515 2645 645 2707 maerentis
662 2646 854 2693 subiunctivum
874 2645 1004 2704 plerisque
1017 2646 1165 2694 huiusmodi
1182 2648 1246 2693 loeie
1261 2648 1340 2695 fuieee

122 2723 218 2782 “plutius
234 2729 323 2775 lionro
341 2727 414 2774 Hom.
434 2725 560 2774 (lrurmm.²
577 2725 591 2784 5
610 2728 649 2773 82.

134 2797 216 2861 ¹},llie
240 2807 298 2854 weit
322 2806 365 2853 bei
390 2807 486 2853 Homer
508 2805 555 2852 dee
577 2805 629 2852 alle
652 2802 742 2864 reicht,
765 2803 818 2850 nnd
836 2817 873 2850 wo
893 2804 939 2850 dae
958 2818 1023 2852 neue
1042 2805 1155 2864 anssngt,
1173 2818 1286 2865 vermeg,
1303 2820 1341 2853 wo

122 2889 158 2925 »lm
175 2881 212 2930 dae
235 2887 345 2933 Mettum
371 2886 406 2931 im
432 2886 518 2932 Sticho
545 2884 616 2945 ilicet,
647 2885 705 2931 luein
735 2883 923 2931 menechlicher
949 2885 1098 2930 Scharieinn
1125 2898 1157 2932 nu
1186 2885 1340 2932 ermilaeln’n

122 2955 187 3007 >ulna
200 2964 305 3012 Verbum
323 2960 362 3012 11²
378 2979 402 3026 p.
422 2966 478 3011 aab.

138 3031 212 3097 'llud
235 3046 276 3104 qni
300 3045 352 3093 huo
378 3047 477 3093 iaciunt
502 3046 664 3104 reperiuntur
689 3046 715 3089 A
740 3043 787 3089 l'lb
813 3040 857 3103 (cl.
881 3047 896 3087 1
919 3041 966 3087 155
982 3056 1040 3103 ·eq.,
1066 3038 1126 3106 uel)
1154 3047 1174 3089 Β
1201 3044 1249 3089 229
1277 3044 1341 3090 162

122 3115 261 3174 lestap?
276 3126 333 3185 uui,
352 3121 443 3187 5150)
461 3126 475 3171 l
494 3126 541 3172 753
560 3144 569 3171 ι
588 3127 619 3172 eu
638 3138 676 3183 sq.
695 3137 712 3168 rr
731 3124 788 3181 298,
805 3123 853 3167 438
879 3116 1147 3184 puluinaribus
1173 3123 1236 3169 looie
1259 3123 1342 3169 Gener

122 3194 205 3245 h‘miluc
226 3220 267 3250 -ou
295 3220 373 3251 -σσυσι
400 3208 449 3251 etc.
477 3204 616 3251 servandos
639 3202 719 3257 duxit,
745 3198 889 3247 concedens
911 3200 996 3245 temen
1013 3200 1177 3257 subiunctivi,
1195 3216 1244 3247 non
1262 3201 1342 3247 futuri

122 3282 168 3329 ”⁸⁶3
179 3279 219 3327 rid.
235 3297 297 3342 quae
314 3283 461 3331 observavit
477 3284 575 3344 proleg.
594 3280 624 3330 ΙΙ.
642 3296 668 3342 p.
685 3293 755 3327 xxxv
774 3283 800 3326 et
817 3278 849 3325 ad
866 3284 883 3339 μ
901 3278 957 3324 248.
