3120 5124
122 447 128 510 ι
152 443 229 519 321,
254 441 329 513 aaa]
719 436 782 499 aar

180 633 210 690 5.
235 627 337 706 ιρύφά
360 627 452 702 curm,
476 640 552 686 cum
575 625 689 685 formis
713 625 876 698 productis
898 625 1024 704 κρύβδα,
1050 625 1196 704 κρύβδην,
1218 626 1385 704 κρυφηδόν.

182 733 213 791 d.
237 717 375 807 άμφάδά,
396 724 549 804 άμφάδόν,
571 721 729 802 άμφάδίην
747 726 869 800 palam.

181 836 211 895 7.
236 818 407 908 αὐτοσχεδά,
428 825 618 905 αὐτοσχεδόν,
640 824 835 904 αὐτοσχεδίην
860 829 1009 889 cominus.
1036 827 1081 889 cf.
1106 827 1341 906 oxcddv5324³.

181 933 212 994 8.
235 922 295 1010 ι’μια
319 932 425 991 leuda
448 929 523 1002 (vid.
548 927 568 1004 ᾗ
592 928 681 997 41³⁸).

182 1035 213 1094 9.
238 1030 383 1112 άτμέμᾶ(ς)
407 1032 511 1105 σπάνια.
536 1030 581 1091 ci.
606 1031 752 1090 Atticum
776 1027 879 1111 ἠρέμα.

161 1139 213 1197 10.
236 1136 318 1197 adad
338 1135 480 1210 firmiter.
507 1133 551 1193 Of.
576 1131 708 1208 πυκάζω,
730 1133 886 1205 πυιι(ι)νός.

162 1241 214 1299 11.
239 1237 338 1318 μίηδᾶ,
360 1235 470 1316 μίηδην
488 1234 682 1310 permeat-im.

163 1343 215 1401 12.
240 1338 304 1418 ῥεῖα
327 1336 430 1422 (ipat)
450 1336 550 1412 facile,
575 1335 638 1395 vid.
663 1333 683 1411 ξ
707 1335 773 1395 88¹.

162 1444 215 1503 13.
240 1440 323 1518 σάφᾶ
345 1440 435 1500 clare.
460 1438 505 1499 Oi.
530 1437 725 1498 adiectivum
751 1438 899 1499 Atticum
922 1438 1029 1517 σαφής.

157 1544 250 1605 Haec
282 1557 408 1617 quoque
438 1538 590 1601 adverbia
621 1554 638 1599 e
670 1538 787 1614 plurali
815 1555 950 1603 numero
981 1545 1129 1603 neutrius
1160 1543 1287 1617 generis
1319 1558 1390 1604 esse

122 1648 195 1707 rata
227 1646 343 1706 docent
370 1641 443 1720 τάχα
473 1632 536 1700 ὦκα
566 1638 652 1718 θαμά
674 1638 751 1720 λίγα,
785 1657 867 1714 quae
892 1659 967 1703 cum
991 1644 1159 1705 adiectivis
1182 1644 1281 1723 ταχύς,
1304 1639 1393 1719 ὠκύς,

122 1747 232 1825 inpos,
249 1744 332 1825 λιγύς
346 1745 535 1818 cohaerent;
560 1743 600 1803 ci.
620 1741 694 1802 αἰπά
714 1746 868 1804 neutrum
887 1745 1011 1821 plurale
1034 1746 1183 1807 adiectivi
1206 1745 1337 1823 ulnd9‚§
1351 1748 1391 1806 75

122 1864 191 1924 sag.
225 1848 299 1907 229.
331 1846 549 1907 Brevissimae
580 1845 678 1918 igitur
708 1845 832 1906 formae
862 1847 974 1922 stirpis
1004 1845 1112 1925 (άντ-α,
1140 1849 1267 1928 κρύη-α,
1296 1848 1392 1925 σάφα

122 1954 190 2021 etc.)
222 1950 403 2012 subiectam
426 1963 498 2009 esse
521 1947 784 2008 terminationem
808 1971 841 2005 -α
864 1952 1006 2025 apparet.

163 2136 188 2222 S
217 2139 288 2205 321.
327 2140 480 2201 Eiusdem
519 2138 783 2199 conformationis
823 2142 874 2201 est
908 2142 1097 2202 adverbium
1128 2141 1393 2215 vulgatissimum

122 2244 198 2305 μάλα
234 2246 366 2320 (μᾶλλον,
396 2240 538 2319 μάλιστα).
563 2240 727 2300 Positivus
750 2257 813 2301 non
838 2242 943 2302 solum
968 2244 1137 2305 adiectivis
1159 2243 1393 2318 curatorisque,

122 2350 158 2407 ut
188 2349 300 2422 postea
330 2359 403 2404 mos
425 2343 497 2419 luit,
521 2358 541 2403 a
563 2342 748 2402 cantoribus
771 2343 871 2418 epicis
893 2345 1031 2422 additur,
1054 2347 1111 2407 sed
1134 2346 1271 2406 inservit
1294 2346 1394 2406 etiam

122 2449 162 2509 ad
188 2447 277 2508 verbi
289 2447 454 2519 totiusque
477 2442 640 2505 enunciati
663 2443 732 2503 vim
756 2445 947 2517 augendam.
971 2446 1006 2506 Ε.
1029 2462 1059 2521 g.

409 2538 468 2605 οὔτ’
494 2540 628 2622 ἀνέμοισι
647 2544 813 2605 τινάσσεται
836 2543 903 2606 οὔτε
926 2541 986 2606 ποτ’
1014 2544 1115 2632 ὄμβρῳ
1274 2549 1364 2619 ζ43.

300 2648 415 2709 δεύεται
438 2643 505 2707 οὔτε
518 2642 600 2740 ιχιάσν
627 2642 823 2724 ἐπιπίλναται,
845 2644 919 2707 ἀλλὰ
942 2642 1021 2726 μάλ’
1048 2648 1143 2729 αἴθρη

300 2749 442 2812 πέπταται
465 2744 635 2824 άννέφελος.

303 2853 361 2914 ὅττι
385 2845 463 2931 μάλ’
491 2847 528 2911 οὐ
553 2848 699 2928 δάηναιὸς
723 2846 756 2922 ὃς
779 2849 957 2912 ἀθανάτοισι
976 2851 1110 2931 μάχηται.
1271 2854 1298 2909 Ε
1320 2854 1395 2912 407.

167 2957 363 3019 Praesertim
395 2952 527 3014 voculae
558 2943 578 3030 ι’]
609 2954 657 3014 ita
682 2955 897 3031 subiungitur,
928 2971 1025 3031 saepe
1054 2956 1163 3016 addita
1182 2955 1280 3016 tertia
1302 2956 1396 3030 parti·

122 3060 194 3120 cula
218 3057 266 3136 δή,
290 3074 318 3119 e.
342 3072 371 3130 g.

298 3156 322 3219 ὢ
345 3155 447 3233 πόποι,
468 3146 488 3233 ἧ
512 3152 613 3232 μάλα
636 3155 673 3233 δή
698 3178 733 3234 με
755 3154 824 3217 θεοὶ
846 3152 1009 3217 θάνατόνδ’
1036 3155 1202 3218 ἐκάλεσσαν.
1269 3162 1300 3217 Χ
1322 3160 1396 3219 297.

167 3262 273 3323 Etiam
292 3260 376 3336 apud
401 3257 528 3318 Atticos
551 3260 732 3332 permansit
755 3273 828 3318 mos
854 3260 1047 3334 particulam
1072 3259 1149 3336 μάλα
1172 3261 1246 3321 aliis
1269 3260 1399 3334 quibus·

122 3362 196 3424 dam
227 3362 394 3439 particulis
428 3361 475 3420 ita
506 3360 666 3421 sociandi:
699 3359 804 3420 αὐτίκα
834 3361 913 3438 μάλα
944 3363 987 3422 sic
1016 3363 1131 3439 atatim,
1163 3360 1213 3421 καὶ
1237 3361 1314 3439 μάλα
1339 3357 1399 3429 (καὶ

122 3458 165 3522 ἔτι
185 3464 273 3543 μάλα)
297 3468 390 3544 atquc
412 3462 497 3537 odeo,
517 3457 554 3520 od
578 3460 655 3538 μάλα
679 3462 731 3523 vel
754 3461 879 3540 πώμαλα
904 3465 946 3534 (id
970 3468 1022 3525 est
1040 3461 1125 3524 οὔπω
1144 3464 1232 3542 μάλα)
1256 3464 1395 3522 minime.

166 3650 282 3734 3322.
305 3656 354 3715 Ex
378 3652 540 3716 adverbiis
562 3653 624 3714 loci
650 3655 701 3715 hic
725 3657 802 3716 sunt
825 3656 1038 3716 nominanda:

167 3795 189 3856 Ι.
214 3795 302 3872 Quae
332 3796 365 3856 in
388 3802 480 3867 -ilatvl
504 3797 657 3861 desinunt
684 3794 757 3864 (vid.
780 3794 798 3863 ἓ
821 3795 885 3863 47).
910 3794 1042 3867 Singula
1066 3809 1257 3855 enumerare
1282 3793 1396 3854 inutile

122 3892 258 3959 videtur.

161 4036 205 4097 11.
230 4037 318 4114 Quae
341 4038 374 4098 in
397 4043 448 4098 υθῖ
471 4042 593 4101 exeunt
616 4037 690 4108 (vid.
715 4033 734 4111 ξ
760 4035 832 4104 48);

191 4140 219 4200 1.
242 4138 320 4199 ador
341 4140 405 4217 ubi,
432 4143 499 4203 Art.
524 4148 592 4201 ποῦ.

130 4239 319 4412 04aetzo'dli)
353 4241 397 4301 ibi
431 4262 446 4300 o
483 4244 547 4302 239
561 4244 598 4314 (i)
640 4240 834 4315 saepiusque
877 4240 961 4314 apud
1001 4240 1186 4318 Pindarum,
1222 4241 1315 4315 Pyth.
1351 4239 1397 4300 IX

122 4453 321 4478 *—

131 4528 178 4616 ·¹)
201 4540 273 4599 Apud
297 4538 437 4588 Pindarum
460 4541 536 4588 etiam
560 4543 667 4593 τουτάκις
689 4563 721 4583 .-.
744 4544 796 4585 τότε
819 4539 920 4597 legitur.
945 4563 977 4572 -
1000 4536 1073 4584 Idam
1091 4537 1160 4597 qnod
1179 4540 1235 4585 τόθι
1253 4537 1323 4584 valet
1340 4537 1398 4582 τάδε

122 4616 169 4657 ¹¹0
195 4618 276 4676 Bergk
293 4634 307 4666 e
325 4619 430 4667 scholiis
447 4633 494 4679 pro
512 4619 575 4681 τῇδε)
593 4619 652 4665 Hes.
670 4619 745 4678 Oper.
764 4619 821 4664 635.

1291 4704 1318 4747 35
