3120 5124
755 1466 783 1537 Ι.

585 1671 669 1753 DE
703 1669 944 1754 METRO.

664 1944 859 1953 *-

176 2177 243 2259 31.
280 2183 432 2243 Carmina
464 2181 615 2241 constant
645 2195 686 2240 ex
720 2180 868 2240 versibus
899 2180 968 2240 sive
1000 2180 1201 2254 syllabarum
1224 2180 1398 2240 ordinibus

140 2283 308 2345 Nonnullae
328 2283 483 2359 syllabae,
507 2298 590 2357 quae
612 2283 742 2356 paribus
765 2281 947 2342 intervallis
970 2283 1149 2344 disiunctae
1168 2286 1254 2358 sunt,
1280 2282 1400 2342 maiore

139 2388 219 2446 vocis
252 2387 432 2447 intentione
465 2384 669 2459 proferuntur
704 2386 737 2443 et
767 2384 863 2442 ictum
893 2384 1003 2443 babere
1033 2385 1107 2444 hinc
1137 2385 1295 2445 dicuntur.
1332 2383 1401 2443 Has

139 2488 215 2548 inter
238 2488 387 2563 singulae
409 2488 544 2548 binaeve
567 2485 711 2559 syllabae
735 2485 842 2546 solent
860 2486 1067 2561 intercedere,
1092 2502 1173 2559 quae
1194 2502 1271 2546 voce
1292 2486 1401 2545 minus

140 2589 220 2651 clara
243 2589 505 2665 pronunciantur.

177 2691 318 2765 Syllaba,
350 2705 432 2764 quae
466 2691 567 2751 ictum
603 2690 709 2766 babet,
744 2690 778 2748 in
812 2690 888 2764 orei,
920 2705 1002 2763 quae
1038 2692 1126 2751 caret
1155 2691 1231 2766 ictu,
1263 2691 1297 2749 in
1330 2690 1404 2749 thesi

140 2795 240 2865 posita
263 2809 336 2853 esse
359 2793 485 2853 dicitur.

179 2895 355 2955 Pristinam
386 2894 454 2953 vim
484 2892 666 2953 amiserunt
690 2907 784 2952 voces
807 2893 888 2952 araia
911 2895 944 2952 et
967 2893 1064 2952 iliosis.
1091 2892 1203 2954 Graeci
1227 2895 1314 2953 enim
1339 2909 1402 2953 me·

140 2996 217 3071 trici,
249 2998 286 3055 ut
316 2997 449 3056 cantum
478 2992 644 3055 saltationi
667 2997 841 3067 cognatum
865 3009 938 3053 esse
961 2994 1148 3070 indicarent,
1173 2995 1206 3053 in
1230 2996 1327 3068 pedes
1351 2994 1403 3055 vel

140 3095 280 3170 dipodius
321 3099 459 3170 (passus)
498 3095 739 3168 distinguebant
773 3095 935 3169 carmina;
970 3096 1069 3168 pedes
1103 3098 1214 3155 autem
1250 3096 1402 3169 quoniam

141 3198 230 3258 modo
261 3198 473 3271 imponuntur
503 3195 571 3256 solo
603 3196 697 3256 modo
728 3195 895 3270 tolluntur,
927 3195 1045 3268 singuli
1076 3196 1173 3269 pedes
1203 3199 1331 3259 metrici
1363 3199 1403 3258 ab

142 3298 178 3358 iis
207 3299 433 3359 dividebantur
463 3299 496 3357 in
520 3297 627 3357 thesin
651 3299 748 3371 atque
772 3298 870 3372 arsin,
894 3295 945 3355 τὸν
969 3295 1045 3355 κάτω
1068 3296 1176 3375 χρόνον
1199 3301 1232 3359 et
1255 3297 1306 3359 τὸν
1329 3296 1402 3374 dvo,

143 3402 175 3458 ut
206 3400 350 3473 loquitur
390 3400 614 3459 Aristoxenus.
655 3399 820 3472 syllabam
858 3399 957 3471 igitur
991 3399 1057 3458 ictu
1088 3399 1287 3476 insignitam,
1322 3417 1404 3474 quae

144 3501 297 3573 profertur
327 3502 405 3561 dum
433 3516 490 3576 pes
518 3502 664 3561 canentis
687 3500 794 3561 solum
818 3501 902 3574 serit,
928 3500 960 3558 in
986 3501 1071 3559 thesi
1095 3517 1167 3561 esse
1192 3503 1348 3579 dicebant,
1374 3505 1406 3563 in

146 3603 204 3661 arsi
233 3605 346 3663 autem
377 3602 538 3675 syllabam
568 3617 650 3675 quae
674 3617 753 3662 voce
776 3602 928 3662 debiliore
952 3601 1145 3675 exprimitur
1168 3605 1245 3663 dum
1269 3620 1326 3678 pes
1350 3606 1407 3665 tol·

147 3702 216 3764 litnr
246 3706 356 3766 humo.
388 3705 526 3765 Romani
558 3719 633 3765 vero
664 3704 792 3765 metrici
815 3704 855 3763 ad
878 3719 979 3762 nocero
1003 3704 1098 3764 modo
1121 3705 1220 3764 altius
1244 3706 1407 3765 sublatam

148 3806 233 3866 modo
268 3807 494 3867 demissiorem
528 3807 660 3866 nomina
694 3806 782 3866 arsin
817 3807 850 3865 et
884 3805 992 3865 thesin
1028 3821 1196 3880 perperam
1231 3808 1408 3868 referentes

150 3909 249 3968 omnia
274 3909 512 3983 perturbarunt.
537 3907 775 3981 sedquoniam
800 3907 897 3967 verba
917 3907 1028 3967 valent
1051 3923 1122 3983 usu,
1155 3909 1259 3969 satius
1283 3909 1409 3969 videtur

152 4022 198 4068 eos
218 4011 310 4084 sequi
333 4026 431 4083 quam
455 4010 557 4070 redire
580 4011 621 4071 ad
642 4024 753 4070 veram
777 4010 893 4069 horum
917 4009 1085 4070 nominum
1107 4011 1385 4084 significationem.

189 4111 231 4172 cf.
257 4112 364 4173 Christ
387 4109 515 4172 Metrik²
538 4112 556 4180 ἓ
582 4113 632 4172 71.

189 4316 390 4391 Syllabarum
403 4317 437 4377 in
446 4330 601 4376 versuum
611 4316 791 4377 vicinorum
804 4317 894 4376 exitu
907 4317 1138 4377 collocatarum
1151 4315 1409 4390 similitudinem,

155 4428 224 4487 quae
253 4420 285 4479 in
316 4419 408 4494 poesi
438 4417 592 4479 hodierna
622 4418 669 4478 ita
699 4420 814 4491 regnat
843 4421 880 4477 ut
907 4418 976 4478 sine
1000 4418 1120 4478 talibus
1143 4417 1412 4477 homoeoteleutis

155 4515 228 4580 iusta
250 4521 397 4582 carmina
420 4520 477 4579 vix
501 4520 639 4580 existere
663 4535 758 4594 posse
782 4520 961 4595 videantur,
987 4536 1006 4579 a
1029 4523 1176 4580 veterum
1197 4522 1266 4580 arte
1287 4520 1412 4593 poetica

156 4617 280 4683 alenam
311 4637 385 4684 csse
416 4622 501 4682 inter
527 4638 641 4683 omnes
671 4622 808 4682 constat.
833 4623 989 4682 Attamen
1013 4622 1179 4682 dubitatur
1202 4636 1243 4681 an
1267 4621 1299 4680 in
1324 4621 1413 4695 opica

990 4740 992 4745 ·
1296 4728 1308 4769 1
