3120 5124
755 406 818 464 110
1321 409 1349 479 [ἓ
1372 407 1407 468 28

144 594 204 655 cidi
227 594 259 668 ¹),
291 593 350 651 hoc
381 592 438 650 aut
471 605 512 649 ex
542 585 709 666 ἐμέμαθε1ς)
745 591 859 652 eadem
890 592 1014 652 ratione
1038 593 1194 667 prodiisse
1218 596 1277 655 aut
1306 597 1411 657 textus

145 694 343 769 corruptelae
378 692 485 752 deberi
508 695 541 761 ²).
573 692 618 752 De
653 693 811 753 adiectivo
841 689 981 770 ἅλλοφος,
1010 711 1074 754 uno
1107 695 1176 755 loco
1207 696 1312 773 obvio,
1343 698 1412 773 quid

146 800 332 858 statuamus
355 794 552 867 ambigimus
576 798 608 864 ³).
633 795 729 854 Verbi
750 792 879 872 ἠείδει1ς)
900 795 1061 868 syllabam
1082 797 1242 858 initialem
1262 813 1327 860 non
1346 796 1414 858 tii-

145 898 348 961 scribendam
386 912 465 956 esse
486 896 543 956 sed
569 896 747 969 longiorem
771 898 934 970 quandam
958 898 1124 971 augmenti
1144 898 1285 960 formam
1310 896 1345 978 r'y
1366 901 1414 961 bic

145 1016 308 1076 apparere,
328 998 549 1058 demonstrare
570 1001 705 1058 conatus
717 999 768 1058 est
780 998 1023 1076 Wackernagel,
1040 1001 1092 1060 cui
1104 1001 1216 1061 tamen
1227 1001 1416 1076 adstipulari

146 1118 306 1178 veremur,
330 1100 406 1160 licet
430 1099 566 1159 schulze
586 1099 716 1174 Quaest.
737 1100 823 1174 Epic.
837 1114 866 1173 p.
882 1101 945 1160 264
974 1101 1004 1161 el
1027 1102 1235 1164 assentiatur.
1258 1103 1416 1177 Perquam

145 1207 296 1280 suspecta
327 1205 378 1263 est
408 1202 544 1274 denique
575 1201 688 1261 aoristi
719 1201 823 1261 forma
847 1201 1007 1274 dactylica
1034 1199 1171 1280 ὲΉιδον,
1193 1219 1293 1278 quam
1316 1205 1417 1266 critici

145 1323 162 1367 e
192 1307 376 1368 coniectura
399 1303 432 1362 in
455 1305 583 1362 textum
606 1303 801 1363 invexerunt
824 1303 899 1363 freti
926 1304 1058 1364 Aeolica
1080 1305 1177 1365 huius
1201 1306 1291 1366 verbi
1314 1306 1418 1367 forma

144 1406 263 1483 εὔιόον;
288 1422 365 1466 nam
388 1406 421 1464 in
444 1404 555 1477 lingua
579 1405 711 1465 Homeri
736 1405 901 1478 digamma
925 1405 964 1465 ad
990 1404 1135 1465 vocalem
1163 1422 1245 1479 quae
1273 1422 1416 1483 praegre-

143 1492 229 1571 ditur
262 1511 295 1570 in
330 1508 443 1569 eodem
479 1506 576 1566 verbo
606 1507 844 1580 producendam
875 1522 939 1567 non
968 1506 1098 1583 sufficit,
1124 1509 1161 1567 ut
1184 1508 1266 1569 bene
1289 1509 1417 1569 demon·

143 1612 260 1672 stravit
291 1609 425 1670 schulze
456 1609 489 1669 in
524 1608 773 1684 Quaestionibus
796 1609 978 1670 Homericis
1004 1609 1088 1669 1887
1113 1612 1146 1669 et
1174 1610 1306 1686 Quaest.
1330 1610 1416 1686 Epic.

145 1714 253 1784 (18921
277 1726 348 1786 pag.
375 1712 415 1770 52
440 1726 508 1784 sqq.

188 1910 211 1993 {t
234 1913 287 1979 28.
321 1916 360 1974 In
383 1914 575 1986 quibusdam
600 1914 775 1989 vocabulis,
800 1929 882 1987 quae
911 1916 975 1975 alia
998 1915 1121 1976 ratione
1144 1915 1329 1976 hexametri
1348 1916 1415 1976 vin·

146 2019 217 2079 culo
251 2017 408 2089 adstringi
440 2032 504 2075 non
539 2016 697 2091 poterant,
729 2016 904 2089 negligitur
932 2017 1059 2092 positio,
1089 2032 1130 2077 ne
1157 2016 1265 2077 brevis
1289 2017 1417 2091 syllaba

147 2122 231 2180 inter
254 2119 335 2179 duas
359 2118 471 2190 longas
494 2117 601 2177 locum
625 2117 784 2191 obtineat;
810 2118 849 2177 cs.
873 2119 891 2186 8
919 2120 970 2178 54.

192 2225 220 2291 1)
244 2221 313 2280 Non
336 2220 521 2293 producitur
545 2219 666 2279 vocalis
689 2219 797 2278 brevis
822 2224 897 2279 ante
922 2220 1079 2280 voeabula
1101 2222 1288 2291 sequentia:

279 2310 440 2392 Zdrvvdog
464 2323 488 2377 Β
513 2323 576 2381 634
601 2343 620 2377 α
645 2322 708 2380 246
732 2343 743 2378 ι
769 2322 809 2380 24
833 2340 855 2378 π
881 2323 954 2395 123,
980 2323 1044 2381 250
1066 2343 1082 2380 τ
1106 2323 1166 2382 131
1197 2323 1230 2383 11.
1254 2324 1315 2397 Ap.
1341 2323 1416 2383 429.

280 2420 382 2483 Zetae
406 2424 431 2480 Β
454 2424 518 2481 824
543 2425 570 2479 Δ
595 2422 668 2495 103,
696 2423 768 2482 121.

277 2511 475 2600 Σκᾶμανδρος
501 2525 528 2579 Ε
548 2525 600 2597 36,
624 2524 674 2596 77,
698 2524 760 2582 774
780 2525 816 2580 Η
832 2524 896 2583 329
917 2529 948 2582 Λ
967 2527 1031 2583 499
1052 2525 1093 2581 Μ
1110 2524 1148 2582 21
1178 2526 1206 2581 Τ
1223 2527 1265 2588 74
1289 2525 1318 2582 Φ
1340 2526 1414 2600 124,

325 2627 398 2699 223,
424 2627 498 2702 305,
524 2626 587 2685 603
613 2626 642 2681 Χ
667 2625 740 2685 148.

278 2725 490 2805 Σκᾶμάνδριος
513 2728 538 2784 Β
562 2728 636 2801 465,
662 2728 725 2786 467
752 2728 780 2783 Ε
803 2728 845 2785 49
871 2728 896 2783 Ζ
919 2729 993 2788 402.

279 2825 445 2905 σκέπαρνον
467 2848 480 2886 ε
505 2828 567 2887 237
592 2849 603 2884 ι
627 2828 702 2887 391.

279 2927 394 3000 στὲᾶτος
418 2950 441 3004 φ
467 2930 539 3004 178,
567 2931 640 2988 183.

277 3030 344 3108 antri
368 3031 445 3090 Hes.
471 3031 561 3104 Oper.
588 3032 651 3091 589
675 3036 714 3103 (τε
737 3031 814 3109 cati,
836 3032 947 3092 Nauck
970 3032 1229 3104 ingeniosissime
1252 3028 1366 3109 scrip).

190 3137 219 3204 2)
243 3135 313 3194 Non
336 3135 521 3208 producitur
544 3135 670 3208 syllaba
692 3134 827 3195 initialis
850 3150 984 3195 vocum:

277 3234 409 3314 ἀμβρότη
433 3233 461 3300 Ξ
482 3236 533 3295 78.

277 3336 441 3416 ἀνδροτῆτα
454 3339 491 3407 (i)
516 3339 549 3393 ll
570 3338 633 3397 857
658 3339 690 3395 Χ
711 3340 774 3399 363
800 3336 832 3394 Ω
857 3341 886 3397 6.

276 3437 466 3521 ἀνδροφόντῃ
491 3440 515 3494 Β
538 3441 601 3498 651
627 3440 661 3497 Η
683 3442 744 3500 166
772 3439 797 3497 Θ
822 3440 885 3500 264
911 3441 936 3497 Ρ
959 3439 1033 3499 259.

270 3535 411 3599 Ἵστΐαιαν
435 3541 460 3597 Β
484 3543 557 3602 537.

188 3647 219 3713 3)
243 3643 312 3703 Non
336 3644 521 3717 producitur
543 3644 685 3703 secunda
707 3644 833 3716 syllaba
861 3643 1049 3702 nominum:

276 3741 425 3824 Αἰγνπτῖή
449 3742 526 3815 -τίας
548 3738 634 3826 -rtpo'
661 3742 754 3816 -τῖους
774 3741 858 3804 -τΐων
884 3746 902 3802 Ι
919 3746 982 3805 382
1008 3743 1025 3803 δ
1046 3744 1099 3820 83,
1120 3744 1192 3819 127,
1213 3744 1277 3803 229
1300 3744 1315 3816 ξ
1337 3745 1411 3820 263,

323 3848 385 3906 286
410 3868 426 3924 ρ
453 3848 527 3905 432.

273 3943 490 4026 Ἠλεκτρῧωνος
513 3970 582 4024 -νης
606 3949 682 4008 HeS.
708 3948 794 4008 Scut.
821 3951 850 4023 3,
879 3952 927 4023 16,
954 3950 1005 4008 35.

276 4039 432 4110 αἰενᾶοντα
456 4050 487 4120 (i.
513 4067 540 4110 θ.
564 4039 765 4120 αἰεν-νὲέοντα)
789 4073 807 4109 ν
834 4052 907 4110 109.
934 4050 978 4110 Of.
1004 4051 1021 4119 ἓ
1046 4051 1120 4110 324.

244 4193 362 4200 -.—

177 4261 194 4322 1)
213 4264 293 4311 Aliter
307 4265 425 4323 opinatur
434 4263 543 4309 Sohulze
552 4263 653 4318 Quaest.
672 4262 719 4320 Ep.
732 4275 756 4320 p.
767 4262 814 4306 465
830 4261 931 4307 collatis
945 4261 1079 4307 titulorum
1095 4261 1201 4307 vocibus
1209 4262 1295 4322 tdsldv,
1309 4260 1411 4322 tdylnoe

175 4338 196 4406 ²)
214 4343 333 4390 Formam
357 4337 484 4405 1μμαθε(;1
514 4342 591 4388 etiarn
618 4342 721 4388 Curtius
739 4341 800 4386 vitio
826 4343 910 4387 natam
936 4353 993 4387 esse
1016 4340 1120 4399 iudicat,
1145 4340 1191 4387 sed
1216 4340 1278 4386 vitio
1296 4340 1410 4401 ipsorum

141 4426 276 4484 poetarum
294 4423 384 4469 falsam
403 4421 545 4480 analogiam
564 4423 719 4467 secutorum.

173 4497 195 4564 ³)
214 4504 277 4548 (lum
304 4503 360 4561 ipsa
387 4515 413 4547 re
439 4515 532 4547 nomen
554 4503 637 4561 λλόφος
658 4499 691 4545 ab
714 4499 808 4546 exteris
832 4499 977 4546 nationibus
1000 4500 1166 4559 importatum
1189 4511 1247 4545 esse
1265 4497 1411 4559 suspicatur

142 4582 250 4629 Schuluo
268 4584 370 4638 Quaest.
389 4581 460 4640 Epic.
479 4595 503 4640 p.
522 4581 578 4626 257.
