<?xml version="1.0" encoding="UTF-8"?>
<!DOCTYPE html PUBLIC "-//W3C//DTD XHTML 1.0 Transitional//EN"
    "http://www.w3.org/TR/xhtml1/DTD/xhtml1-transitional.dtd">
<html xmlns="http://www.w3.org/1999/xhtml" xml:lang="en" lang="en">
 <head>
  <title>
</title>
<meta http-equiv="Content-Type" content="text/html;charset=utf-8" />
  <meta name='ocr-system' content='tesseract 3.04.00' />
  <meta name='ocr-capabilities' content='ocr_page ocr_carea ocr_par ocr_line ocrx_word'/>
</head>
<body>
  <div class='ocr_page' id='page_1' title='image "./enchiridiumdict00leeugoog/enchiridiumdict00leeugoog_0641.png"; bbox 0 0 3120 5124; ppageno 0'>
   <div class='ocr_carea' id='block_1_1' title="bbox 151 423 819 500">
    <p class='ocr_par' dir='ltr' id='par_1_1' title="bbox 151 423 819 500">
     <span class='ocr_line' id='line_1_1' title="bbox 151 423 819 500; baseline -0.001 -15"><span class='ocrx_word' id='word_1_1' title='bbox 151 424 173 500; x_wconf 63' lang='grc' dir='ltr'>ἐ</span> <span class='ocrx_word' id='word_1_2' title='bbox 197 427 273 496; x_wconf 88' lang='grc'><strong>316]</strong></span> <span class='ocrx_word' id='word_1_3' title='bbox 757 423 819 484; x_wconf 82' lang='grc'><strong>537</strong></span> 
     </span>
    </p>
   </div>
   <div class='ocr_carea' id='block_1_2' title="bbox 149 603 1423 792">
    <p class='ocr_par' dir='ltr' id='par_1_2' title="bbox 149 603 1423 792">
     <span class='ocr_line' id='line_1_2' title="bbox 150 603 1423 691; baseline 0.001 -21"><span class='ocrx_word' id='word_1_4' title='bbox 150 632 176 670; x_wconf 80' lang='grc' dir='ltr'><strong><em>ει</em></strong></span> <span class='ocrx_word' id='word_1_5' title='bbox 208 610 297 672; x_wconf 84' lang='lat' dir='ltr'>verbi</span> <span class='ocrx_word' id='word_1_6' title='bbox 329 608 525 691; x_wconf 76' lang='grc' dir='ltr'><strong><em>ὑπειρέβαλον</em></strong></span> <span class='ocrx_word' id='word_1_7' title='bbox 560 613 595 670; x_wconf 84' lang='grc' dir='ltr'><strong>Ψ</strong></span> <span class='ocrx_word' id='word_1_8' title='bbox 616 613 679 672; x_wconf 83' lang='grc'>637</span> <span class='ocrx_word' id='word_1_9' title='bbox 701 608 721 681; x_wconf 90' lang='grc'>1)</span> <span class='ocrx_word' id='word_1_10' title='bbox 753 611 786 671; x_wconf 89' lang='lat' dir='ltr'>et</span> <span class='ocrx_word' id='word_1_11' title='bbox 812 609 954 670; x_wconf 89' lang='lat' dir='ltr'>nominis</span> <span class='ocrx_word' id='word_1_12' title='bbox 984 610 1101 684; x_wconf 91' lang='lat' dir='ltr'>proprii</span> <span class='ocrx_word' id='word_1_13' title='bbox 1126 603 1283 687; x_wconf 71' lang='grc' dir='ltr'><strong><em>Ὑπείρονα</em></strong></span> <span class='ocrx_word' id='word_1_14' title='bbox 1309 613 1336 668; x_wconf 84' lang='grc' dir='ltr'>Ε</span> <span class='ocrx_word' id='word_1_15' title='bbox 1362 613 1423 671; x_wconf 91' lang='grc'>144</span> 
     </span>
     <span class='ocr_line' id='line_1_3' title="bbox 149 707 835 792; baseline 0 -19"><span class='ocrx_word' id='word_1_16' title='bbox 149 713 182 784; x_wconf 80' lang='lat' dir='ltr'>(l.</span> <span class='ocrx_word' id='word_1_17' title='bbox 206 729 236 775; x_wconf 86' lang='lat' dir='ltr'>a.</span> <span class='ocrx_word' id='word_1_18' title='bbox 256 707 419 792; x_wconf 62' lang='grc' dir='ltr'><strong><em>’Ίπήνορα</em></strong></span> <span class='ocrx_word' id='word_1_19' title='bbox 441 714 524 788; x_wconf 86' lang='lat' dir='ltr'>quod</span> <span class='ocrx_word' id='word_1_20' title='bbox 549 728 661 773; x_wconf 89' lang='lat' dir='ltr'>verum</span> <span class='ocrx_word' id='word_1_21' title='bbox 688 712 835 781; x_wconf 86' lang='lat' dir='ltr'>videtur).</span> 
     </span>
    </p>
   </div>
   <div class='ocr_carea' id='block_1_3' title="bbox 147 910 1424 1094">
    <p class='ocr_par' dir='ltr' id='par_1_3' title="bbox 147 910 1424 1094">
     <span class='ocr_line' id='line_1_4' title="bbox 192 910 1424 996; baseline -0.002 -17"><span class='ocrx_word' id='word_1_22' title='bbox 192 910 215 996; x_wconf 62' lang='lat'><em>3</em></span> <span class='ocrx_word' id='word_1_23' title='bbox 232 913 308 981; x_wconf 87' lang='grc'><strong>316.</strong></span> <span class='ocrx_word' id='word_1_24' title='bbox 330 917 521 978; x_wconf 82' lang='lat' dir='ltr'>indicandae</span> <span class='ocrx_word' id='word_1_25' title='bbox 540 917 593 977; x_wconf 89' lang='lat' dir='ltr'>hic</span> <span class='ocrx_word' id='word_1_26' title='bbox 612 918 690 976; x_wconf 90' lang='lat' dir='ltr'>sunt</span> <span class='ocrx_word' id='word_1_27' title='bbox 709 914 965 976; x_wconf 81' lang='lat' dir='ltr'>constructiones</span> <span class='ocrx_word' id='word_1_28' title='bbox 983 914 1154 992; x_wconf 81' lang='lat' dir='ltr'><strong>quaedam,</strong></span> <span class='ocrx_word' id='word_1_29' title='bbox 1172 915 1302 976; x_wconf 91' lang='lat' dir='ltr'>dictioni</span> <span class='ocrx_word' id='word_1_30' title='bbox 1315 915 1424 990; x_wconf 92' lang='lat' dir='ltr'>epicae</span> 
     </span>
     <span class='ocr_line' id='line_1_5' title="bbox 147 1015 1072 1094; baseline -0.001 -16"><span class='ocrx_word' id='word_1_31' title='bbox 147 1019 305 1094; x_wconf 88' lang='lat' dir='ltr'>propriae,</span> <span class='ocrx_word' id='word_1_32' title='bbox 330 1033 413 1092; x_wconf 85' lang='lat' dir='ltr'>quae</span> <span class='ocrx_word' id='word_1_33' title='bbox 435 1034 456 1079; x_wconf 93' lang='lat' dir='ltr'>a</span> <span class='ocrx_word' id='word_1_34' title='bbox 478 1018 666 1080; x_wconf 81' lang='lat' dir='ltr'>recentioris</span> <span class='ocrx_word' id='word_1_35' title='bbox 689 1018 762 1078; x_wconf 88' lang='lat' dir='ltr'>aovi</span> <span class='ocrx_word' id='word_1_36' title='bbox 785 1032 848 1076; x_wconf 89' lang='lat' dir='ltr'>usu</span> <span class='ocrx_word' id='word_1_37' title='bbox 872 1015 1072 1091; x_wconf 88' lang='lat' dir='ltr'>discrepant:</span> 
     </span>
    </p>
   </div>
   <div class='ocr_carea' id='block_1_4' title="bbox 139 1217 1422 4350">
    <p class='ocr_par' dir='ltr' id='par_1_4' title="bbox 139 1217 1422 2825">
     <span class='ocr_line' id='line_1_6' title="bbox 194 1217 1422 1298; baseline -0.002 -17"><span class='ocrx_word' id='word_1_38' title='bbox 194 1224 221 1282; x_wconf 93' lang='lat'>1.</span> <span class='ocrx_word' id='word_1_39' title='bbox 247 1219 329 1298; x_wconf 82' lang='grc' dir='ltr'><strong><em>ἀμφί</em></strong></span> <span class='ocrx_word' id='word_1_40' title='bbox 351 1223 400 1293; x_wconf 87' lang='lat' dir='ltr'>(ab</span> <span class='ocrx_word' id='word_1_41' title='bbox 423 1222 536 1284; x_wconf 88' lang='lat' dir='ltr'>eadem</span> <span class='ocrx_word' id='word_1_42' title='bbox 558 1223 664 1283; x_wconf 89' lang='lat' dir='ltr'>radice</span> <span class='ocrx_word' id='word_1_43' title='bbox 687 1217 880 1297; x_wconf 72' lang='lat' dir='ltr'>undedppo-</span> <span class='ocrx_word' id='word_1_44' title='bbox 896 1222 930 1281; x_wconf 88' lang='lat' dir='ltr'>et</span> <span class='ocrx_word' id='word_1_45' title='bbox 949 1219 1051 1289; x_wconf 82' lang='lat' dir='ltr'>ambo)</span> <span class='ocrx_word' id='word_1_46' title='bbox 1064 1219 1206 1294; x_wconf 83' lang='grc' dir='ltr'><strong><em>ολτὰροο,</em></strong></span> <span class='ocrx_word' id='word_1_47' title='bbox 1227 1220 1319 1280; x_wconf 84' lang='lat' dir='ltr'>circo.</span> <span class='ocrx_word' id='word_1_48' title='bbox 1342 1219 1422 1280; x_wconf 81' lang='lat' dir='ltr'>Cum</span> 
     </span>
     <span class='ocr_line' id='line_1_7' title="bbox 144 1324 938 1401; baseline -0.003 -16"><span class='ocrx_word' id='word_1_49' title='bbox 144 1324 288 1385; x_wconf 76' lang='grc' dir='ltr'><strong><em>δολίοαοα</em></strong></span> <span class='ocrx_word' id='word_1_50' title='bbox 312 1325 474 1401; x_wconf 82' lang='lat' dir='ltr'>adsciscit,</span> <span class='ocrx_word' id='word_1_51' title='bbox 497 1327 555 1385; x_wconf 90' lang='lat' dir='ltr'>aut</span> <span class='ocrx_word' id='word_1_52' title='bbox 577 1325 678 1385; x_wconf 84' lang='lat' dir='ltr'>locam</span> <span class='ocrx_word' id='word_1_53' title='bbox 701 1324 831 1399; x_wconf 87' lang='lat' dir='ltr'>indicat,</span> <span class='ocrx_word' id='word_1_54' title='bbox 856 1338 884 1384; x_wconf 90' lang='lat' dir='ltr'>e.</span> <span class='ocrx_word' id='word_1_55' title='bbox 908 1338 938 1397; x_wconf 81' lang='lat' dir='ltr'>g.</span> 
     </span>
     <span class='ocr_line' id='line_1_8' title="bbox 415 1421 1421 1505; baseline -0.004 -19"><span class='ocrx_word' id='word_1_56' title='bbox 415 1421 486 1504; x_wconf 80' lang='grc' dir='ltr'><strong><em>ἀμφ’</em></strong></span> <span class='ocrx_word' id='word_1_57' title='bbox 514 1425 637 1505; x_wconf 77' lang='grc' dir='ltr'>ὤμοισιν</span> <span class='ocrx_word' id='word_1_58' title='bbox 660 1423 778 1487; x_wconf 77' lang='grc' dir='ltr'><strong><em>ἐδύσετο</em></strong></span> <span class='ocrx_word' id='word_1_59' title='bbox 801 1425 902 1503; x_wconf 81' lang='grc' dir='ltr'><strong><em>τεύχεα</em></strong></span> <span class='ocrx_word' id='word_1_60' title='bbox 925 1421 1010 1501; x_wconf 74' lang='grc' dir='ltr'><strong><em>καλοί,</em></strong></span> <span class='ocrx_word' id='word_1_61' title='bbox 1297 1425 1326 1480; x_wconf 90' lang='grc' dir='ltr'><em>Γ</em></span> <span class='ocrx_word' id='word_1_62' title='bbox 1346 1422 1421 1482; x_wconf 80' lang='grc'><strong>328.</strong></span> 
     </span>
     <span class='ocr_line' id='line_1_9' title="bbox 144 1532 476 1605; baseline 0 -15"><span class='ocrx_word' id='word_1_63' title='bbox 144 1532 203 1591; x_wconf 91' lang='lat' dir='ltr'>aut</span> <span class='ocrx_word' id='word_1_64' title='bbox 226 1545 369 1605; x_wconf 79' lang='lat' dir='ltr'>causam,</span> <span class='ocrx_word' id='word_1_65' title='bbox 393 1544 421 1590; x_wconf 88' lang='lat' dir='ltr'>e.</span> <span class='ocrx_word' id='word_1_66' title='bbox 445 1545 476 1604; x_wconf 82' lang='lat' dir='ltr'>g.</span> 
     </span>
     <span class='ocr_line' id='line_1_10' title="bbox 415 1620 1420 1713; baseline -0.002 -25"><span class='ocrx_word' id='word_1_67' title='bbox 415 1624 542 1713; x_wconf 69' lang='grc' dir='ltr'><strong><em>μακρῇσ’</em></strong></span> <span class='ocrx_word' id='word_1_68' title='bbox 570 1626 693 1713; x_wconf 78' lang='grc' dir='ltr'><strong><em>ἐγχεΐρσι</em></strong></span> <span class='ocrx_word' id='word_1_69' title='bbox 717 1620 884 1707; x_wconf 76' lang='grc' dir='ltr'><strong><em>μαχέσσοντ’</em></strong></span> <span class='ocrx_word' id='word_1_70' title='bbox 909 1623 987 1703; x_wconf 76' lang='grc' dir='ltr'>ἀμφὶ</span> <span class='ocrx_word' id='word_1_71' title='bbox 1009 1624 1139 1706; x_wconf 78' lang='grc' dir='ltr'><strong><em>γυναικί.</em></strong></span> <span class='ocrx_word' id='word_1_72' title='bbox 1296 1628 1325 1683; x_wconf 93' lang='grc' dir='ltr'>Γ</span> <span class='ocrx_word' id='word_1_73' title='bbox 1346 1626 1420 1686; x_wconf 83' lang='lat'><strong>254.</strong></span> 
     </span>
     <span class='ocr_line' id='line_1_11' title="bbox 189 1726 1254 1806; baseline -0.007 -12"><span class='ocrx_word' id='word_1_74' title='bbox 189 1734 372 1794; x_wconf 82' lang='grc' dir='ltr'><strong><em>Αοοαοολλοο</em></strong></span> <span class='ocrx_word' id='word_1_75' title='bbox 394 1733 541 1793; x_wconf 86' lang='lat' dir='ltr'>iunctum</span> <span class='ocrx_word' id='word_1_76' title='bbox 565 1746 694 1806; x_wconf 89' lang='lat' dir='ltr'>semper</span> <span class='ocrx_word' id='word_1_77' title='bbox 717 1730 824 1791; x_wconf 92' lang='lat' dir='ltr'>locum</span> <span class='ocrx_word' id='word_1_78' title='bbox 848 1730 950 1800; x_wconf 83' lang='lat' dir='ltr'>(circo)</span> <span class='ocrx_word' id='word_1_79' title='bbox 976 1726 1146 1803; x_wconf 79' lang='lat' dir='ltr'>significat,</span> <span class='ocrx_word' id='word_1_80' title='bbox 1170 1742 1199 1788; x_wconf 89' lang='lat' dir='ltr'>e.</span> <span class='ocrx_word' id='word_1_81' title='bbox 1224 1742 1254 1801; x_wconf 81' lang='lat' dir='ltr'>g.</span> 
     </span>
     <span class='ocr_line' id='line_1_12' title="bbox 413 1827 1418 1912; baseline -0.005 -19"><span class='ocrx_word' id='word_1_82' title='bbox 413 1831 491 1912; x_wconf 74' lang='grc' dir='ltr'><strong><em>ἀμφὶ</em></strong></span> <span class='ocrx_word' id='word_1_83' title='bbox 514 1831 547 1893; x_wconf 78' lang='grc' dir='ltr'><em>δέ</em></span> <span class='ocrx_word' id='word_1_84' title='bbox 570 1856 620 1910; x_wconf 82' lang='grc' dir='ltr'><strong><em>μιν</em></strong></span> <span class='ocrx_word' id='word_1_85' title='bbox 644 1836 770 1911; x_wconf 80' lang='grc' dir='ltr'><em>Κρητῶν</em></span> <span class='ocrx_word' id='word_1_86' title='bbox 794 1829 861 1911; x_wconf 77' lang='lat' dir='ltr'>o&#39;tyol</span> <span class='ocrx_word' id='word_1_87' title='bbox 884 1827 1086 1910; x_wconf 76' lang='grc' dir='ltr'>ἠγερέθονται.</span> <span class='ocrx_word' id='word_1_88' title='bbox 1294 1831 1324 1886; x_wconf 91' lang='grc' dir='ltr'><strong><em>Γ</em></strong></span> <span class='ocrx_word' id='word_1_89' title='bbox 1344 1830 1418 1889; x_wconf 82' lang='grc'><strong>231.</strong></span> 
     </span>
     <span class='ocr_line' id='line_1_13' title="bbox 189 1931 1418 2011; baseline -0.004 -16"><span class='ocrx_word' id='word_1_90' title='bbox 189 1935 367 1996; x_wconf 69' lang='lat' dir='ltr'>donativum</span> <span class='ocrx_word' id='word_1_91' title='bbox 401 1937 481 1997; x_wconf 91' lang='lat' dir='ltr'>haec</span> <span class='ocrx_word' id='word_1_92' title='bbox 514 1936 707 2011; x_wconf 85' lang='lat' dir='ltr'>praepositio</span> <span class='ocrx_word' id='word_1_93' title='bbox 741 1935 775 1994; x_wconf 92' lang='lat' dir='ltr'>in</span> <span class='ocrx_word' id='word_1_94' title='bbox 805 1934 916 2008; x_wconf 78' lang='lat' dir='ltr'>lingua</span> <span class='ocrx_word' id='word_1_95' title='bbox 949 1931 1121 1992; x_wconf 90' lang='lat' dir='ltr'>Homerica</span> <span class='ocrx_word' id='word_1_96' title='bbox 1150 1947 1214 1991; x_wconf 95' lang='lat' dir='ltr'>non</span> <span class='ocrx_word' id='word_1_97' title='bbox 1246 1931 1418 2003; x_wconf 87' lang='lat' dir='ltr'>adsciscit;</span> 
     </span>
     <span class='ocr_line' id='line_1_14' title="bbox 144 2025 1416 2112; baseline -0.008 -13"><span class='ocrx_word' id='word_1_98' title='bbox 144 2039 315 2099; x_wconf 86' lang='lat' dir='ltr'>recentiori</span> <span class='ocrx_word' id='word_1_99' title='bbox 337 2039 494 2100; x_wconf 83' lang='lat' dir='ltr'>debentur</span> <span class='ocrx_word' id='word_1_100' title='bbox 516 2038 617 2098; x_wconf 86' lang='lat' dir='ltr'>aetati</span> <span class='ocrx_word' id='word_1_101' title='bbox 641 2039 675 2095; x_wconf 85' lang='lat' dir='ltr'>ll</span> <span class='ocrx_word' id='word_1_102' title='bbox 695 2038 759 2097; x_wconf 91' lang='grc'>825</span> <span class='ocrx_word' id='word_1_103' title='bbox 782 2035 908 2106; x_wconf 76' lang='grc' dir='ltr'><strong><em>πίδακος</em></strong></span> <span class='ocrx_word' id='word_1_104' title='bbox 932 2026 1004 2110; x_wconf 81' lang='grc' dir='ltr'><strong><em>ἀμφ’</em></strong></span> <span class='ocrx_word' id='word_1_105' title='bbox 1027 2028 1128 2112; x_wconf 76' lang='grc' dir='ltr'><strong><em>ὀλίγης</em></strong></span> <span class='ocrx_word' id='word_1_106' title='bbox 1151 2035 1184 2093; x_wconf 87' lang='lat' dir='ltr'>et</span> <span class='ocrx_word' id='word_1_107' title='bbox 1207 2036 1231 2090; x_wconf 83' lang='grc'><strong>6</strong></span> <span class='ocrx_word' id='word_1_108' title='bbox 1256 2033 1319 2092; x_wconf 81' lang='grc'>267</span> <span class='ocrx_word' id='word_1_109' title='bbox 1344 2025 1416 2108; x_wconf 83' lang='grc' dir='ltr'><strong><em>ἀμφ’</em></strong></span> 
     </span>
     <span class='ocr_line' id='line_1_15' title="bbox 139 2132 1417 2220; baseline -0.005 -21"><span class='ocrx_word' id='word_1_110' title='bbox 139 2134 239 2217; x_wconf 70' lang='grc' dir='ltr'><strong><em>’Ἄρεος</em></strong></span> <span class='ocrx_word' id='word_1_111' title='bbox 271 2138 437 2217; x_wconf 77' lang='grc' dir='ltr'><strong><em>φιλότητος,</em></strong></span> <span class='ocrx_word' id='word_1_112' title='bbox 466 2139 521 2199; x_wconf 90' lang='lat' dir='ltr'>ubi</span> <span class='ocrx_word' id='word_1_113' title='bbox 551 2137 654 2198; x_wconf 76' lang='grc' dir='ltr'><strong><em>πίδακι</em></strong></span> <span class='ocrx_word' id='word_1_114' title='bbox 717 2133 800 2220; x_wconf 80' lang='grc' dir='ltr'><strong><em>ὀλίγρ</em></strong></span> <span class='ocrx_word' id='word_1_115' title='bbox 831 2138 865 2197; x_wconf 81' lang='lat' dir='ltr'>et</span> <span class='ocrx_word' id='word_1_116' title='bbox 888 2133 1029 2211; x_wconf 82' lang='grc' dir='ltr'><strong><em>φιλότητα</em></strong></span> <span class='ocrx_word' id='word_1_117' title='bbox 1052 2134 1180 2194; x_wconf 84' lang='lat' dir='ltr'>videtur</span> <span class='ocrx_word' id='word_1_118' title='bbox 1203 2133 1303 2193; x_wconf 80' lang='lat' dir='ltr'>fuisse</span> <span class='ocrx_word' id='word_1_119' title='bbox 1328 2132 1417 2193; x_wconf 87' lang='lat' dir='ltr'>olim.</span> 
     </span>
     <span class='ocr_line' id='line_1_16' title="bbox 145 2224 1418 2302; baseline -0.007 0"><span class='ocrx_word' id='word_1_120' title='bbox 145 2241 274 2302; x_wconf 77' lang='lat' dir='ltr'>l&#39;ertius</span> <span class='ocrx_word' id='word_1_121' title='bbox 304 2242 427 2301; x_wconf 88' lang='lat' dir='ltr'>accedit</span> <span class='ocrx_word' id='word_1_122' title='bbox 456 2241 548 2301; x_wconf 92' lang='lat' dir='ltr'>locus</span> <span class='ocrx_word' id='word_1_123' title='bbox 574 2256 616 2301; x_wconf 88' lang='lat' dir='ltr'>ex</span> <span class='ocrx_word' id='word_1_124' title='bbox 639 2239 763 2300; x_wconf 89' lang='lat' dir='ltr'>Bentlei</span> <span class='ocrx_word' id='word_1_125' title='bbox 787 2237 971 2298; x_wconf 88' lang='lat' dir='ltr'>certissima</span> <span class='ocrx_word' id='word_1_126' title='bbox 998 2235 1223 2296; x_wconf 89' lang='lat' dir='ltr'>emendatione</span> <span class='ocrx_word' id='word_1_127' title='bbox 1248 2236 1272 2292; x_wconf 86' lang='grc' dir='ltr'><strong><em>Β</em></strong></span> <span class='ocrx_word' id='word_1_128' title='bbox 1296 2234 1361 2295; x_wconf 95' lang='grc'>384</span> <span class='ocrx_word' id='word_1_129' title='bbox 1385 2224 1418 2294; x_wconf 80' lang='grc' dir='ltr'>εὖ</span> 
     </span>
     <span class='ocr_line' id='line_1_17' title="bbox 146 2335 1419 2422; baseline -0.005 -21"><span class='ocrx_word' id='word_1_130' title='bbox 146 2340 177 2401; x_wconf 80' lang='grc' dir='ltr'>λλ</span> <span class='ocrx_word' id='word_1_131' title='bbox 206 2364 250 2414; x_wconf 82' lang='grc' dir='ltr'><strong><em>τις</em></strong></span> <span class='ocrx_word' id='word_1_132' title='bbox 281 2341 410 2422; x_wconf 75' lang='grc' dir='ltr'><strong><em>ἅρματος</em></strong></span> <span class='ocrx_word' id='word_1_133' title='bbox 441 2338 519 2418; x_wconf 81' lang='grc' dir='ltr'><strong><em>ολμφλ</em></strong></span> <span class='ocrx_word' id='word_1_134' title='bbox 543 2339 640 2401; x_wconf 68' lang='grc' dir='ltr'><strong><em>λιδώα</em></strong></span> <span class='ocrx_word' id='word_1_135' title='bbox 671 2346 778 2410; x_wconf 88' lang='lat' dir='ltr'>(mscr.</span> <span class='ocrx_word' id='word_1_136' title='bbox 811 2335 905 2417; x_wconf 78' lang='grc' dir='ltr'><strong><em>ἀμφὶς</em></strong></span> <span class='ocrx_word' id='word_1_137' title='bbox 936 2335 1033 2412; x_wconf 83' lang='grc' dir='ltr'><strong><em>λδών);</em></strong></span> <span class='ocrx_word' id='word_1_138' title='bbox 1061 2336 1114 2397; x_wconf 90' lang='lat' dir='ltr'>hic</span> <span class='ocrx_word' id='word_1_139' title='bbox 1138 2350 1264 2410; x_wconf 86' lang='lat' dir='ltr'>quoque</span> <span class='ocrx_word' id='word_1_140' title='bbox 1289 2336 1419 2397; x_wconf 85' lang='lat' dir='ltr'>dativus</span> 
     </span>
     <span class='ocr_line' id='line_1_18' title="bbox 145 2437 1417 2522; baseline -0.005 -20"><span class='ocrx_word' id='word_1_141' title='bbox 145 2441 251 2522; x_wconf 78' lang='grc' dir='ltr'><strong><em>ἅρματι</em></strong></span> <span class='ocrx_word' id='word_1_142' title='bbox 274 2444 402 2504; x_wconf 87' lang='lat' dir='ltr'>videtur</span> <span class='ocrx_word' id='word_1_143' title='bbox 422 2458 495 2503; x_wconf 89' lang='lat' dir='ltr'>esse</span> <span class='ocrx_word' id='word_1_144' title='bbox 514 2442 723 2504; x_wconf 89' lang='lat' dir='ltr'>revocandus.</span> <span class='ocrx_word' id='word_1_145' title='bbox 744 2441 810 2501; x_wconf 88' lang='lat' dir='ltr'>Nec</span> <span class='ocrx_word' id='word_1_146' title='bbox 829 2455 893 2500; x_wconf 91' lang='lat' dir='ltr'>non</span> <span class='ocrx_word' id='word_1_147' title='bbox 910 2439 997 2499; x_wconf 88' lang='lat' dir='ltr'>idom</span> <span class='ocrx_word' id='word_1_148' title='bbox 1017 2437 1105 2498; x_wconf 87' lang='lat' dir='ltr'>valet</span> <span class='ocrx_word' id='word_1_149' title='bbox 1125 2437 1164 2497; x_wconf 93' lang='lat' dir='ltr'>de</span> <span class='ocrx_word' id='word_1_150' title='bbox 1184 2438 1362 2512; x_wconf 91' lang='lat' dir='ltr'>composito</span> <span class='ocrx_word' id='word_1_151' title='bbox 1376 2471 1417 2479; x_wconf 92' lang='lat'><strong>—</strong></span> 
     </span>
     <span class='ocr_line' id='line_1_19' title="bbox 145 2540 1417 2621; baseline -0.007 -14"><span class='ocrx_word' id='word_1_152' title='bbox 145 2546 171 2606; x_wconf 87' lang='lat' dir='ltr'>si</span> <span class='ocrx_word' id='word_1_153' title='bbox 202 2547 299 2607; x_wconf 92' lang='lat' dir='ltr'>modo</span> <span class='ocrx_word' id='word_1_154' title='bbox 331 2546 518 2621; x_wconf 90' lang='lat' dir='ltr'>composito,</span> <span class='ocrx_word' id='word_1_155' title='bbox 550 2560 626 2605; x_wconf 89' lang='lat' dir='ltr'>nam</span> <span class='ocrx_word' id='word_1_156' title='bbox 658 2544 832 2618; x_wconf 86' lang='lat' dir='ltr'>quominus</span> <span class='ocrx_word' id='word_1_157' title='bbox 862 2540 1133 2617; x_wconf 84' lang='lat' dir='ltr'>praepositionem</span> <span class='ocrx_word' id='word_1_158' title='bbox 1164 2540 1304 2600; x_wconf 88' lang='lat' dir='ltr'>averbo</span> <span class='ocrx_word' id='word_1_159' title='bbox 1330 2554 1417 2614; x_wconf 90' lang='lat' dir='ltr'>sepa·</span> 
     </span>
     <span class='ocr_line' id='line_1_20' title="bbox 144 2640 1416 2723; baseline -0.005 -16"><span class='ocrx_word' id='word_1_160' title='bbox 144 2663 256 2708; x_wconf 90' lang='lat' dir='ltr'>remus</span> <span class='ocrx_word' id='word_1_161' title='bbox 289 2648 369 2707; x_wconf 88' lang='lat' dir='ltr'>nihil</span> <span class='ocrx_word' id='word_1_162' title='bbox 400 2647 571 2707; x_wconf 83' lang='lat' dir='ltr'>obstat-</span> <span class='ocrx_word' id='word_1_163' title='bbox 597 2642 821 2723; x_wconf 80' lang='grc' dir='ltr'><strong><em>ἀμφιμάχεσθαι</em></strong></span> <span class='ocrx_word' id='word_1_164' title='bbox 851 2642 1032 2717; x_wconf 81' lang='lat' dir='ltr'>genitivum</span> <span class='ocrx_word' id='word_1_165' title='bbox 1070 2640 1264 2702; x_wconf 88' lang='lat' dir='ltr'>adsciscenti</span> <span class='ocrx_word' id='word_1_166' title='bbox 1297 2642 1322 2701; x_wconf 91' lang='lat'><em>0</em></span> <span class='ocrx_word' id='word_1_167' title='bbox 1354 2642 1416 2702; x_wconf 82' lang='lat'>391</span> 
     </span>
     <span class='ocr_line' id='line_1_21' title="bbox 145 2750 495 2825; baseline 0.003 -18"><span class='ocrx_word' id='word_1_168' title='bbox 145 2751 178 2807; x_wconf 88' lang='grc' dir='ltr'><em>Π</em></span> <span class='ocrx_word' id='word_1_169' title='bbox 199 2750 276 2825; x_wconf 87' lang='grc'>496,</span> <span class='ocrx_word' id='word_1_170' title='bbox 302 2751 367 2810; x_wconf 88' lang='grc'>533</span> <span class='ocrx_word' id='word_1_171' title='bbox 390 2751 421 2806; x_wconf 87' lang='grc' dir='ltr'><em>Σ</em></span> <span class='ocrx_word' id='word_1_172' title='bbox 443 2750 495 2808; x_wconf 90' lang='grc'>20.</span> 
     </span>
    </p>

    <p class='ocr_par' dir='ltr' id='par_1_5' title="bbox 185 2844 1419 2927">
     <span class='ocr_line' id='line_1_22' title="bbox 185 2844 1419 2927; baseline -0.003 -17"><span class='ocrx_word' id='word_1_173' title='bbox 185 2851 237 2911; x_wconf 85' lang='lat' dir='ltr'>Ab</span> <span class='ocrx_word' id='word_1_174' title='bbox 267 2850 419 2912; x_wconf 86' lang='lat' dir='ltr'>adverbio</span> <span class='ocrx_word' id='word_1_175' title='bbox 450 2847 530 2927; x_wconf 81' lang='grc' dir='ltr'><strong><em>ἀμφί</em></strong></span> <span class='ocrx_word' id='word_1_176' title='bbox 551 2850 683 2924; x_wconf 77' lang='lat' dir='ltr'>utruque</span> <span class='ocrx_word' id='word_1_177' title='bbox 706 2850 775 2910; x_wconf 88' lang='lat' dir='ltr'>sive</span> <span class='ocrx_word' id='word_1_178' title='bbox 799 2849 882 2908; x_wconf 84' lang='lat' dir='ltr'>circo</span> <span class='ocrx_word' id='word_1_179' title='bbox 904 2846 1055 2906; x_wconf 89' lang='lat' dir='ltr'>accurate</span> <span class='ocrx_word' id='word_1_180' title='bbox 1079 2844 1342 2919; x_wconf 79' lang='lat' dir='ltr'>distinguendum</span> <span class='ocrx_word' id='word_1_181' title='bbox 1367 2848 1419 2906; x_wconf 92' lang='lat' dir='ltr'>est</span> 
     </span>
    </p>

    <p class='ocr_par' dir='ltr' id='par_1_6' title="bbox 142 2950 1417 3234">
     <span class='ocr_line' id='line_1_23' title="bbox 142 2950 930 3030; baseline -0.006 -17"><span class='ocrx_word' id='word_1_182' title='bbox 142 2953 332 3014; x_wconf 87' lang='lat' dir='ltr'>adverbium</span> <span class='ocrx_word' id='word_1_183' title='bbox 355 2950 449 3030; x_wconf 81' lang='grc' dir='ltr'><strong><em>ἀμφλς</em></strong></span> <span class='ocrx_word' id='word_1_184' title='bbox 471 2954 651 3028; x_wconf 73' lang='lat' dir='ltr'>separatim,</span> <span class='ocrx_word' id='word_1_185' title='bbox 675 2968 824 3027; x_wconf 80' lang='lat' dir='ltr'>seorsum,</span> <span class='ocrx_word' id='word_1_186' title='bbox 849 2966 876 3012; x_wconf 90' lang='lat' dir='ltr'>e.</span> <span class='ocrx_word' id='word_1_187' title='bbox 901 2964 930 3022; x_wconf 85' lang='lat' dir='ltr'>g.</span> 
     </span>
     <span class='ocr_line' id='line_1_24' title="bbox 411 3041 1417 3133; baseline -0.003 -19"><span class='ocrx_word' id='word_1_188' title='bbox 411 3052 447 3115; x_wconf 80' lang='grc' dir='ltr'><strong><em>οὐ</em></strong></span> <span class='ocrx_word' id='word_1_189' title='bbox 470 3051 526 3133; x_wconf 81' lang='grc' dir='ltr'><strong><em>γὰρ</em></strong></span> <span class='ocrx_word' id='word_1_190' title='bbox 549 3047 583 3113; x_wconf 77' lang='grc' dir='ltr'>ἔτ’</span> <span class='ocrx_word' id='word_1_191' title='bbox 609 3050 703 3131; x_wconf 77' lang='grc' dir='ltr'><strong><em>ἀμφὶς</em></strong></span> <span class='ocrx_word' id='word_1_192' title='bbox 721 3048 868 3131; x_wconf 78' lang='grc' dir='ltr'><strong><em>Ὀλύμπιοι</em></strong></span> <span class='ocrx_word' id='word_1_193' title='bbox 891 3041 996 3127; x_wconf 82' lang='grc' dir='ltr'><strong><em>δώματ’</em></strong></span> <span class='ocrx_word' id='word_1_194' title='bbox 1023 3044 1136 3126; x_wconf 80' lang='grc' dir='ltr'><strong><em>ἔχοντες</em></strong></span> <span class='ocrx_word' id='word_1_195' title='bbox 1317 3051 1341 3106; x_wconf 89' lang='grc' dir='ltr'><strong><em>Β</em></strong></span> <span class='ocrx_word' id='word_1_196' title='bbox 1367 3051 1417 3111; x_wconf 89' lang='grc'><strong>13.</strong></span> 
     </span>
     <span class='ocr_line' id='line_1_25' title="bbox 412 3151 753 3234; baseline 0 -21"><span class='ocrx_word' id='word_1_197' title='bbox 412 3151 560 3214; x_wconf 81' lang='grc' dir='ltr'><strong><em>ἀθάνατοι</em></strong></span> <span class='ocrx_word' id='word_1_198' title='bbox 582 3153 753 3234; x_wconf 80' lang='grc' dir='ltr'><strong><em>φράζονται.</em></strong></span> 
     </span>
    </p>

    <p class='ocr_par' dir='ltr' id='par_1_7' title="bbox 141 3257 1417 3437">
     <span class='ocr_line' id='line_1_26' title="bbox 187 3257 1417 3331; baseline 0.002 -11"><span class='ocrx_word' id='word_1_199' title='bbox 187 3258 358 3320; x_wconf 85' lang='lat' dir='ltr'>Genitivus</span> <span class='ocrx_word' id='word_1_200' title='bbox 381 3258 433 3318; x_wconf 84' lang='lat' dir='ltr'>est</span> <span class='ocrx_word' id='word_1_201' title='bbox 454 3258 583 3318; x_wconf 91' lang='lat' dir='ltr'>additus</span> <span class='ocrx_word' id='word_1_202' title='bbox 610 3257 635 3317; x_wconf 88' lang='grc' dir='ltr'>Θ</span> <span class='ocrx_word' id='word_1_203' title='bbox 659 3259 723 3317; x_wconf 90' lang='grc'>444</span> <span class='ocrx_word' id='word_1_204' title='bbox 752 3259 787 3315; x_wconf 80' lang='grc' dir='ltr'><strong>Ψ</strong></span> <span class='ocrx_word' id='word_1_205' title='bbox 806 3259 870 3318; x_wconf 90' lang='grc'>393</span> <span class='ocrx_word' id='word_1_206' title='bbox 896 3260 910 3331; x_wconf 82' lang='grc' dir='ltr'><strong><em>ξ</em></strong></span> <span class='ocrx_word' id='word_1_207' title='bbox 934 3263 998 3322; x_wconf 88' lang='grc'><strong>352</strong></span> <span class='ocrx_word' id='word_1_208' title='bbox 1021 3281 1043 3320; x_wconf 93' lang='grc' dir='ltr'><strong><em>π</em></strong></span> <span class='ocrx_word' id='word_1_209' title='bbox 1064 3263 1138 3323; x_wconf 82' lang='grc'>267.</span> <span class='ocrx_word' id='word_1_210' title='bbox 1174 3263 1273 3323; x_wconf 90' lang='lat' dir='ltr'>Recte</span> <span class='ocrx_word' id='word_1_211' title='bbox 1297 3263 1417 3323; x_wconf 89' lang='lat' dir='ltr'>talibus</span> 
     </span>
     <span class='ocr_line' id='line_1_27' title="bbox 141 3358 914 3437; baseline 0 -15"><span class='ocrx_word' id='word_1_212' title='bbox 141 3361 222 3422; x_wconf 85' lang='lat' dir='ltr'>locis</span> <span class='ocrx_word' id='word_1_213' title='bbox 246 3359 323 3437; x_wconf 81' lang='grc' dir='ltr'><strong><em>δίχα,</em></strong></span> <span class='ocrx_word' id='word_1_214' title='bbox 345 3358 433 3437; x_wconf 80' lang='grc' dir='ltr'><strong><em>χωρίς</em></strong></span> <span class='ocrx_word' id='word_1_215' title='bbox 456 3359 585 3433; x_wconf 82' lang='lat' dir='ltr'>appingi</span> <span class='ocrx_word' id='word_1_216' title='bbox 609 3358 692 3419; x_wconf 88' lang='lat' dir='ltr'>solet</span> <span class='ocrx_word' id='word_1_217' title='bbox 716 3359 748 3418; x_wconf 93' lang='lat' dir='ltr'>in</span> <span class='ocrx_word' id='word_1_218' title='bbox 773 3360 914 3422; x_wconf 88' lang='lat' dir='ltr'>scholiis.</span> 
     </span>
    </p>

    <p class='ocr_par' dir='ltr' id='par_1_8' title="bbox 139 3461 1418 3954">
     <span class='ocr_line' id='line_1_28' title="bbox 184 3461 1418 3542; baseline 0.002 -19"><span class='ocrx_word' id='word_1_219' title='bbox 184 3462 270 3523; x_wconf 90' lang='lat' dir='ltr'>Hinc</span> <span class='ocrx_word' id='word_1_220' title='bbox 293 3461 332 3522; x_wconf 91' lang='lat' dir='ltr'>de</span> <span class='ocrx_word' id='word_1_221' title='bbox 355 3462 396 3521; x_wconf 92' lang='lat' dir='ltr'>iis</span> <span class='ocrx_word' id='word_1_222' title='bbox 419 3476 502 3534; x_wconf 87' lang='lat' dir='ltr'>quae</span> <span class='ocrx_word' id='word_1_223' title='bbox 526 3462 610 3521; x_wconf 89' lang='lat' dir='ltr'>inter</span> <span class='ocrx_word' id='word_1_224' title='bbox 633 3461 714 3521; x_wconf 89' lang='lat' dir='ltr'>duas</span> <span class='ocrx_word' id='word_1_225' title='bbox 737 3476 790 3521; x_wconf 91' lang='lat' dir='ltr'>res</span> <span class='ocrx_word' id='word_1_226' title='bbox 813 3463 1004 3526; x_wconf 87' lang='lat' dir='ltr'>hominesve</span> <span class='ocrx_word' id='word_1_227' title='bbox 1026 3467 1205 3542; x_wconf 78' lang='lat' dir='ltr'>interposita</span> <span class='ocrx_word' id='word_1_228' title='bbox 1229 3468 1306 3526; x_wconf 85' lang='lat' dir='ltr'>sunt</span> <span class='ocrx_word' id='word_1_229' title='bbox 1328 3481 1418 3526; x_wconf 89' lang='lat' dir='ltr'>usur·</span> 
     </span>
     <span class='ocr_line' id='line_1_29' title="bbox 139 3561 1415 3640; baseline 0 -15"><span class='ocrx_word' id='word_1_230' title='bbox 139 3566 236 3640; x_wconf 88' lang='lat' dir='ltr'>patur</span> <span class='ocrx_word' id='word_1_231' title='bbox 271 3566 300 3621; x_wconf 85' lang='grc' dir='ltr'>Γ</span> <span class='ocrx_word' id='word_1_232' title='bbox 332 3565 395 3624; x_wconf 94' lang='grc'>115</span> <span class='ocrx_word' id='word_1_233' title='bbox 430 3563 466 3620; x_wconf 88' lang='lat' dir='ltr'><em>H</em></span> <span class='ocrx_word' id='word_1_234' title='bbox 497 3563 571 3623; x_wconf 85' lang='lat'><strong>342.</strong></span> <span class='ocrx_word' id='word_1_235' title='bbox 608 3561 755 3636; x_wconf 83' lang='lat' dir='ltr'>suspecti</span> <span class='ocrx_word' id='word_1_236' title='bbox 791 3577 867 3624; x_wconf 87' lang='lat' dir='ltr'>vero</span> <span class='ocrx_word' id='word_1_237' title='bbox 902 3568 979 3625; x_wconf 89' lang='lat' dir='ltr'>sunt</span> <span class='ocrx_word' id='word_1_238' title='bbox 1014 3581 1130 3627; x_wconf 90' lang='lat' dir='ltr'>versus</span> <span class='ocrx_word' id='word_1_239' title='bbox 1164 3569 1182 3625; x_wconf 91' lang='lat' dir='ltr'>l</span> <span class='ocrx_word' id='word_1_240' title='bbox 1211 3569 1275 3628; x_wconf 89' lang='grc'>464</span> <span class='ocrx_word' id='word_1_241' title='bbox 1302 3571 1326 3624; x_wconf 83' lang='grc'><strong>6</strong></span> <span class='ocrx_word' id='word_1_242' title='bbox 1350 3567 1415 3627; x_wconf 90' lang='grc'>340</span> 
     </span>
     <span class='ocr_line' id='line_1_30' title="bbox 141 3659 1415 3746; baseline 0.003 -22"><span class='ocrx_word' id='word_1_243' title='bbox 141 3665 173 3724; x_wconf 78' lang='grc' dir='ltr'><em>Ω</em></span> <span class='ocrx_word' id='word_1_244' title='bbox 202 3666 268 3726; x_wconf 89' lang='grc'>488</span> <span class='ocrx_word' id='word_1_245' title='bbox 292 3688 311 3746; x_wconf 81' lang='lat' dir='ltr'><em>y</em></span> <span class='ocrx_word' id='word_1_246' title='bbox 335 3666 399 3725; x_wconf 90' lang='grc'>486</span> <span class='ocrx_word' id='word_1_247' title='bbox 424 3659 535 3727; x_wconf 67' lang='grc'><strong>27274</strong></span> <span class='ocrx_word' id='word_1_248' title='bbox 559 3667 602 3732; x_wconf 82' lang='lat'>(=</span> <span class='ocrx_word' id='word_1_249' title='bbox 628 3664 653 3721; x_wconf 92' lang='lat' dir='ltr'>O</span> <span class='ocrx_word' id='word_1_250' title='bbox 677 3664 763 3737; x_wconf 85' lang='grc'><strong>225),</strong></span> <span class='ocrx_word' id='word_1_251' title='bbox 787 3664 842 3724; x_wconf 93' lang='lat' dir='ltr'>ubi</span> <span class='ocrx_word' id='word_1_252' title='bbox 867 3666 952 3726; x_wconf 91' lang='lat' dir='ltr'>idem</span> <span class='ocrx_word' id='word_1_253' title='bbox 977 3669 1061 3741; x_wconf 89' lang='lat' dir='ltr'>quod</span> <span class='ocrx_word' id='word_1_254' title='bbox 1089 3664 1169 3746; x_wconf 82' lang='grc' dir='ltr'><strong><em>ἀμφί</em></strong></span> <span class='ocrx_word' id='word_1_255' title='bbox 1190 3669 1299 3728; x_wconf 89' lang='lat' dir='ltr'>valere</span> <span class='ocrx_word' id='word_1_256' title='bbox 1323 3682 1415 3728; x_wconf 90' lang='lat' dir='ltr'>vocu-</span> 
     </span>
     <span class='ocr_line' id='line_1_31' title="bbox 140 3763 1416 3843; baseline 0.002 -16"><span class='ocrx_word' id='word_1_257' title='bbox 140 3767 207 3828; x_wconf 87' lang='lat' dir='ltr'>lam</span> <span class='ocrx_word' id='word_1_258' title='bbox 243 3763 337 3843; x_wconf 85' lang='grc' dir='ltr'><strong><em>ἀμφίς</em></strong></span> <span class='ocrx_word' id='word_1_259' title='bbox 368 3765 608 3826; x_wconf 87' lang='lat' dir='ltr'>concedendum</span> <span class='ocrx_word' id='word_1_260' title='bbox 639 3766 699 3840; x_wconf 88' lang='lat' dir='ltr'>est,</span> <span class='ocrx_word' id='word_1_261' title='bbox 724 3765 752 3824; x_wconf 89' lang='lat' dir='ltr'>si</span> <span class='ocrx_word' id='word_1_262' title='bbox 776 3768 935 3829; x_wconf 88' lang='lat' dir='ltr'>servanda</span> <span class='ocrx_word' id='word_1_263' title='bbox 959 3771 1011 3829; x_wconf 88' lang='lat' dir='ltr'>est</span> <span class='ocrx_word' id='word_1_264' title='bbox 1033 3770 1128 3830; x_wconf 89' lang='lat' dir='ltr'>lectio</span> <span class='ocrx_word' id='word_1_265' title='bbox 1152 3770 1280 3830; x_wconf 85' lang='lat' dir='ltr'>tradita.</span> <span class='ocrx_word' id='word_1_266' title='bbox 1308 3770 1416 3830; x_wconf 81' lang='lat' dir='ltr'>Etiam</span> 
     </span>
     <span class='ocr_line' id='line_1_32' title="bbox 140 3862 1379 3954; baseline 0.003 -27"><span class='ocrx_word' id='word_1_267' title='bbox 140 3872 170 3927; x_wconf 85' lang='lat' dir='ltr'><em>A</em></span> <span class='ocrx_word' id='word_1_268' title='bbox 193 3871 257 3930; x_wconf 88' lang='grc'>559</span> <span class='ocrx_word' id='word_1_269' title='bbox 282 3883 338 3942; x_wconf 91' lang='lat' dir='ltr'>pro</span> <span class='ocrx_word' id='word_1_270' title='bbox 361 3863 455 3943; x_wconf 72' lang='grc' dir='ltr'><strong><em>ἀμφὶς</em></strong></span> <span class='ocrx_word' id='word_1_271' title='bbox 479 3862 551 3945; x_wconf 79' lang='grc' dir='ltr'>ἐάγη</span> <span class='ocrx_word' id='word_1_272' title='bbox 575 3867 748 3940; x_wconf 80' lang='lat' dir='ltr'>legendum</span> <span class='ocrx_word' id='word_1_273' title='bbox 773 3867 900 3928; x_wconf 85' lang='lat' dir='ltr'>videtur</span> <span class='ocrx_word' id='word_1_274' title='bbox 924 3867 1121 3954; x_wconf 65' lang='lat' dir='ltr'>&amp;porfafdyp</span> <span class='ocrx_word' id='word_1_275' title='bbox 1149 3871 1198 3943; x_wconf 84' lang='lat' dir='ltr'>(cf.</span> <span class='ocrx_word' id='word_1_276' title='bbox 1223 3870 1243 3948; x_wconf 66' lang='grc' dir='ltr'><strong><em>ξ</em></strong></span> <span class='ocrx_word' id='word_1_277' title='bbox 1270 3867 1379 3941; x_wconf 61' lang='grc'><strong>15811).</strong></span> 
     </span>
    </p>

    <p class='ocr_par' dir='ltr' id='par_1_9' title="bbox 140 3967 1415 4350">
     <span class='ocr_line' id='line_1_33' title="bbox 183 3967 1415 4049; baseline 0.002 -18"><span class='ocrx_word' id='word_1_278' title='bbox 183 3971 222 4031; x_wconf 90' lang='lat' dir='ltr'>ln</span> <span class='ocrx_word' id='word_1_279' title='bbox 254 3967 318 4030; x_wconf 85' lang='lat' dir='ltr'>fine</span> <span class='ocrx_word' id='word_1_280' title='bbox 342 3984 499 4029; x_wconf 89' lang='lat' dir='ltr'>versuum</span> <span class='ocrx_word' id='word_1_281' title='bbox 523 3969 562 4037; x_wconf 81' lang='grc'>(2</span> <span class='ocrx_word' id='word_1_282' title='bbox 591 3969 654 4028; x_wconf 81' lang='grc'><strong>723</strong></span> <span class='ocrx_word' id='word_1_283' title='bbox 680 3968 709 4025; x_wconf 86' lang='grc' dir='ltr'><em>Φ</em></span> <span class='ocrx_word' id='word_1_284' title='bbox 732 3970 796 4027; x_wconf 90' lang='grc'>442</span> <span class='ocrx_word' id='word_1_285' title='bbox 820 3969 836 4040; x_wconf 81' lang='grc' dir='ltr'><em>ζ</em></span> <span class='ocrx_word' id='word_1_286' title='bbox 862 3971 925 4031; x_wconf 89' lang='grc'>266</span> <span class='ocrx_word' id='word_1_287' title='bbox 949 3994 968 4049; x_wconf 82' lang='grc' dir='ltr'><em>η</em></span> <span class='ocrx_word' id='word_1_288' title='bbox 992 3973 1013 4031; x_wconf 91' lang='grc'><strong>4</strong></span> <span class='ocrx_word' id='word_1_289' title='bbox 1038 3994 1048 4030; x_wconf 95' lang='grc' dir='ltr'><strong><em>ι</em></strong></span> <span class='ocrx_word' id='word_1_290' title='bbox 1073 3974 1147 4042; x_wconf 86' lang='grc'><strong>399)</strong></span> <span class='ocrx_word' id='word_1_291' title='bbox 1171 3987 1235 4032; x_wconf 92' lang='lat' dir='ltr'>non</span> <span class='ocrx_word' id='word_1_292' title='bbox 1259 3973 1415 4047; x_wconf 86' lang='lat' dir='ltr'>mseripta</span> 
     </span>
     <span class='ocr_line' id='line_1_34' title="bbox 140 4069 1414 4150; baseline 0.002 -18"><span class='ocrx_word' id='word_1_293' title='bbox 140 4087 211 4133; x_wconf 82' lang='lat' dir='ltr'>esso</span> <span class='ocrx_word' id='word_1_294' title='bbox 246 4071 475 4145; x_wconf 79' lang='lat' dir='ltr'>interroganda</span> <span class='ocrx_word' id='word_1_295' title='bbox 508 4069 565 4130; x_wconf 87' lang='lat' dir='ltr'>sed</span> <span class='ocrx_word' id='word_1_296' title='bbox 598 4070 799 4145; x_wconf 85' lang='lat' dir='ltr'>contextum,</span> <span class='ocrx_word' id='word_1_297' title='bbox 832 4073 943 4132; x_wconf 89' lang='lat' dir='ltr'>utrum</span> <span class='ocrx_word' id='word_1_298' title='bbox 974 4069 1054 4149; x_wconf 83' lang='grc' dir='ltr'><strong><em>ἀμφί</em></strong></span> <span class='ocrx_word' id='word_1_299' title='bbox 1082 4088 1124 4133; x_wconf 90' lang='lat' dir='ltr'>an</span> <span class='ocrx_word' id='word_1_300' title='bbox 1156 4069 1250 4150; x_wconf 85' lang='grc' dir='ltr'><strong><em>ἀμφίς</em></strong></span> <span class='ocrx_word' id='word_1_301' title='bbox 1273 4075 1317 4134; x_wconf 88' lang='lat' dir='ltr'>sit</span> <span class='ocrx_word' id='word_1_302' title='bbox 1340 4075 1414 4134; x_wconf 91' lang='lat' dir='ltr'>scri-</span> 
     </span>
     <span class='ocr_line' id='line_1_35' title="bbox 141 4169 1413 4250; baseline -0.001 -14"><span class='ocrx_word' id='word_1_303' title='bbox 141 4175 291 4249; x_wconf 89' lang='lat' dir='ltr'>bendum,</span> <span class='ocrx_word' id='word_1_304' title='bbox 322 4173 431 4247; x_wconf 84' lang='lat' dir='ltr'>quivis</span> <span class='ocrx_word' id='word_1_305' title='bbox 461 4172 572 4246; x_wconf 91' lang='lat' dir='ltr'>opinor</span> <span class='ocrx_word' id='word_1_306' title='bbox 601 4171 777 4245; x_wconf 77' lang='lat' dir='ltr'>intelleglt;</span> <span class='ocrx_word' id='word_1_307' title='bbox 802 4186 858 4245; x_wconf 91' lang='lat' dir='ltr'>pro</span> <span class='ocrx_word' id='word_1_308' title='bbox 882 4169 976 4250; x_wconf 80' lang='grc' dir='ltr'><strong><em>ἀμφὶς</em></strong></span> <span class='ocrx_word' id='word_1_309' title='bbox 1001 4170 1124 4234; x_wconf 75' lang='grc' dir='ltr'><strong><em>ἕκαστον</em></strong></span> <span class='ocrx_word' id='word_1_310' title='bbox 1148 4177 1259 4234; x_wconf 89' lang='lat' dir='ltr'>autem</span> <span class='ocrx_word' id='word_1_311' title='bbox 1284 4179 1314 4233; x_wconf 86' lang='lat' dir='ltr'><em>A</em></span> <span class='ocrx_word' id='word_1_312' title='bbox 1338 4177 1413 4248; x_wconf 88' lang='grc'><strong>634,</strong></span> 
     </span>
     <span class='ocr_line' id='line_1_36' title="bbox 142 4267 1413 4350; baseline 0 -13"><span class='ocrx_word' id='word_1_313' title='bbox 142 4277 203 4337; x_wconf 77' lang='grc'>748</span> <span class='ocrx_word' id='word_1_314' title='bbox 228 4276 403 4350; x_wconf 78' lang='lat' dir='ltr'>legendum</span> <span class='ocrx_word' id='word_1_315' title='bbox 423 4289 495 4334; x_wconf 87' lang='lat' dir='ltr'>esse</span> <span class='ocrx_word' id='word_1_316' title='bbox 515 4269 593 4350; x_wconf 76' lang='grc' dir='ltr'>ἀμφὶ</span> <span class='ocrx_word' id='word_1_317' title='bbox 615 4267 761 4331; x_wconf 58' lang='lat' dir='ltr'>renarra</span> <span class='ocrx_word' id='word_1_318' title='bbox 781 4288 857 4333; x_wconf 89' lang='lat' dir='ltr'>cum</span> <span class='ocrx_word' id='word_1_319' title='bbox 875 4276 1017 4335; x_wconf 89' lang='lat' dir='ltr'>metrum</span> <span class='ocrx_word' id='word_1_320' title='bbox 1038 4274 1131 4336; x_wconf 89' lang='lat' dir='ltr'>docet</span> <span class='ocrx_word' id='word_1_321' title='bbox 1147 4279 1219 4336; x_wconf 88' lang='lat' dir='ltr'>tum</span> <span class='ocrx_word' id='word_1_322' title='bbox 1242 4277 1413 4338; x_wconf 83' lang='lat' dir='ltr'>sententia.</span> 
     </span>
    </p>
   </div>
   <div class='ocr_carea' id='block_1_5' title="bbox 141 4507 1414 4651">
    <p class='ocr_par' dir='ltr' id='par_1_10' title="bbox 141 4507 1414 4651">
     <span class='ocr_line' id='line_1_37' title="bbox 171 4507 1414 4573; baseline 0.004 -17"><span class='ocrx_word' id='word_1_323' title='bbox 171 4507 190 4567; x_wconf 86' lang='lat'>¹)</span> <span class='ocrx_word' id='word_1_324' title='bbox 211 4509 322 4558; x_wconf 84' lang='lat' dir='ltr'>Unicum</span> <span class='ocrx_word' id='word_1_325' title='bbox 345 4509 413 4555; x_wconf 85' lang='lat' dir='ltr'>huno</span> <span class='ocrx_word' id='word_1_326' title='bbox 438 4508 523 4555; x_wconf 88' lang='lat' dir='ltr'>locum</span> <span class='ocrx_word' id='word_1_327' title='bbox 546 4507 596 4553; x_wconf 81' lang='lat' dir='ltr'>alia</span> <span class='ocrx_word' id='word_1_328' title='bbox 619 4507 716 4553; x_wconf 77' lang='lat' dir='ltr'>ratione</span> <span class='ocrx_word' id='word_1_329' title='bbox 739 4521 796 4554; x_wconf 85' lang='lat' dir='ltr'>esse</span> <span class='ocrx_word' id='word_1_330' title='bbox 819 4508 1000 4568; x_wconf 85' lang='lat' dir='ltr'>explicandum</span> <span class='ocrx_word' id='word_1_331' title='bbox 1025 4523 1102 4568; x_wconf 86' lang='lat' dir='ltr'>qaam</span> <span class='ocrx_word' id='word_1_332' title='bbox 1126 4513 1233 4572; x_wconf 87' lang='lat' dir='ltr'>cetoros,</span> <span class='ocrx_word' id='word_1_333' title='bbox 1254 4526 1286 4559; x_wconf 85' lang='lat' dir='ltr'>ex</span> <span class='ocrx_word' id='word_1_334' title='bbox 1305 4513 1414 4573; x_wconf 79' lang='lat' dir='ltr'>pristina</span> 
     </span>
     <span class='ocr_line' id='line_1_38' title="bbox 141 4585 1248 4651; baseline 0.004 -16"><span class='ocrx_word' id='word_1_335' title='bbox 141 4589 206 4636; x_wconf 84' lang='lat' dir='ltr'>anim</span> <span class='ocrx_word' id='word_1_336' title='bbox 227 4589 311 4636; x_wconf 76' lang='lat' dir='ltr'>torma</span> <span class='ocrx_word' id='word_1_337' title='bbox 330 4589 395 4651; x_wconf 77' lang='grc' dir='ltr'><strong><em>ὑπιρι</em></strong></span> <span class='ocrx_word' id='word_1_338' title='bbox 414 4589 500 4634; x_wconf 83' lang='lat' dir='ltr'>natam</span> <span class='ocrx_word' id='word_1_339' title='bbox 521 4599 578 4632; x_wconf 83' lang='lat' dir='ltr'>osse</span> <span class='ocrx_word' id='word_1_340' title='bbox 596 4585 731 4632; x_wconf 77' lang='lat' dir='ltr'>iambicam</span> <span class='ocrx_word' id='word_1_341' title='bbox 751 4588 825 4650; x_wconf 73' lang='grc' dir='ltr'><strong><em>ῦπαρ,</em></strong></span> <span class='ocrx_word' id='word_1_342' title='bbox 844 4601 893 4634; x_wconf 90' lang='lat' dir='ltr'>non</span> <span class='ocrx_word' id='word_1_343' title='bbox 912 4589 984 4647; x_wconf 85' lang='lat' dir='ltr'>potui</span> <span class='ocrx_word' id='word_1_344' title='bbox 1003 4589 1066 4636; x_wconf 89' lang='lat' dir='ltr'>mihi</span> <span class='ocrx_word' id='word_1_345' title='bbox 1084 4591 1248 4650; x_wconf 74' lang='lat' dir='ltr'>persuadere.</span> 
     </span>
    </p>
   </div>
   <div class='ocr_carea' id='block_1_6' title="bbox 0 0 1564 5124">
    <p class='ocr_par' dir='ltr' id='par_1_11' title="bbox 0 0 1564 5124">
     <span class='ocr_line' id='line_1_39' title="bbox 0 0 1564 5124; baseline 0 1"><span class='ocrx_word' id='word_1_346' title='bbox 0 0 1564 5124; x_wconf 95' lang='lat' dir='ltr'> </span> 
     </span>
    </p>
   </div>
  </div>
 </body>
</html>
