3120 5124
741 397 824 445 xviri

144 578 230 638 diota
261 576 321 635 est.
355 572 441 634 Chios
472 589 528 634 cur
550 574 656 634 civem
680 590 777 634 suum
801 575 971 636 iactaverit
994 576 1184 652 Homerum,
1209 577 1302 638 docet
1323 577 1413 639 locus

144 678 266 753 Hymni
300 676 458 751 Apollinis
494 691 541 736 vs.
576 678 638 736 165
669 691 749 752 sqq,
782 676 836 736 ubi
866 674 961 751 poeta
984 677 1123 752 Ionicus,
1146 678 1202 751 qui
1225 693 1355 739 carmen
1379 681 1412 738 in

144 783 297 841 honorem
322 776 480 851 Apollinis
503 776 585 838 Delii
608 778 798 854 composuit,
821 779 868 838 sie
890 776 989 839 finem
1013 779 1091 839 iacit
1115 779 1267 840 canendi:

322 873 381 939 ἀλλ’
406 870 501 957 ἄγεθ’,
522 876 618 954 ἱλήκοι
640 873 694 954 μὲν
714 872 864 938 Ἀπόλλων
885 873 1029 958 Ἀρτέμιδι
1053 879 1117 957 ξύν,

321 979 430 1060 χαίρετε
453 972 480 1038 δ’
505 970 577 1056 ὗμες
600 987 701 1039 πᾶσαι·
725 977 803 1056 ἐμεῖο
827 975 860 1039 δὲ
881 977 932 1040 καί
953 979 1113 1058 μετόπισθε

321 1075 481 1160 μνήσασθ’,
504 1076 613 1140 ὁππότε
634 1077 685 1139 ιιίν
708 1103 751 1152 τις
774 1078 954 1160 ἐπιχθονίων
978 1079 1150 1161 ἀνθρώπων

301 1177 423 1243 ’ἔνθαδ’
447 1180 607 1262 ἀνείρηται,
629 1182 723 1254 ξεῖνος
746 1183 931 1262 ταλαπείριος
954 1181 1060 1244 ἐλθών·

324 1276 366 1362 ,ὦ
388 1291 504 1362 κοῦραι,
526 1283 569 1355 τίς
592 1277 620 1342 δ’
647 1275 719 1361 ὕμιν
742 1281 819 1363 ἀνὴρ
842 1283 960 1362 ἥδιστος
984 1282 1096 1346 ἀοιδῶν

320 1385 430 1446 ἐνθάδε
453 1382 603 1462 πωλίεται,
625 1381 674 1444 καί
697 1382 751 1470 τέῳ
774 1382 916 1464 τέρπεσθε
938 1386 1062 1463 μάλιστα
1071 1388 1099 1460 ;”

320 1479 391 1565 ὗμες
416 1482 442 1547 δ’
469 1477 503 1546 εὖ
527 1486 604 1563 μάλα
627 1495 720 1545 πᾶσαι
744 1482 941 1566 ὑποκρίνασθ’
967 1485 1116 1565 ίοφήμως·

324 1587 452 1666 ,comior
475 1585 562 1665 ἀνήρ,
584 1587 662 1648 οίιιεῖ
680 1583 712 1646 δὲ
735 1587 799 1672 Χίρο
823 1587 866 1648 ἔνι
890 1587 1124 1674 παιπαλοέσσῃ”,

143 1711 267 1756 raecum
295 1695 393 1768 igitur
421 1694 578 1751 οαιιίονοιιι
604 1688 879 1751 antibarensem
904 1691 1010 1752 verbis
1032 1680 1168 1753 minime
1192 1694 1353 1767 ambiguis
1376 1709 1412 1753 se

145 1811 331 1871 nuncupans
360 1796 429 1870 ipse
451 1792 480 1861 ¹).
512 1793 638 1852 Allienus
667 1795 776 1853 autem
809 1809 884 1853 cum
915 1793 1042 1854 litterae
1070 1793 1210 1854 Graecae
1234 1796 1302 1854 tam
1326 1795 1411 1854 laete

144 1899 380 1959 efflorescerent
409 1898 447 1954 ut
476 1895 571 1953 natae
601 1893 644 1953 ibi
676 1909 748 1953 esse
781 1894 974 1969 viderentur,
1007 1896 1075 1969 ipse
1116 1911 1242 1968 quoque
1277 1910 1411 1970 poeseos

145 2005 234 2076 pater
263 2000 337 2060 inde
363 1997 517 2057 oriundus
540 1995 640 2055 fuisse
664 1996 750 2056 credi
773 1996 878 2069 potuit
896 1989 935 2070 ²l3
961 1996 1116 2057 accedunt
1140 1997 1279 2070 vestigia
1302 1997 1412 2057 Attica

143 2104 175 2161 in
198 2102 334 2174 utroque
354 2098 496 2159 carmine
516 2097 598 2157 satis
610 2097 731 2173 crebra,
750 2112 832 2170 qnae
852 2098 1078 2159 Aristarc-hum
1097 2100 1130 2159 et
1151 2100 1262 2160 nostro
1282 2099 1411 2159 saeculo

145 2203 299 2263 Cobetum
318 2197 339 2269 ²)
364 2201 537 2259 moverunt
560 2201 597 2258 ut
616 2199 795 2259 Homerum
815 2215 929 2260 revera
950 2201 1183 2261 Atheniensem
1202 2200 1303 2261 fuisse
1323 2203 1412 2275 puta·

144 2307 224 2364 rent.
248 2302 424 2377 Οοίορίιοιιιε
443 2302 475 2359 in
496 2300 629 2374 Margite
648 2301 791 2361 carmine
812 2303 934 2362 mentio
953 2302 1052 2363 fiebat
1071 2297 1103 2371 ⁴).
1122 2301 1260 2377 erodaa,
1276 2301 1413 2363 Summis

146 2404 271 2481 Cyprio,
291 2404 393 2478 Arpos
411 2417 556 2475 quaeque
576 2404 743 2477 praeterea
762 2403 813 2463 hic
834 2403 1082 2464 commemorari
1102 2405 1252 2477 poterant
1264 2405 1416 2465 civitates

143 2506 227 2566 unde
261 2505 322 2565 sibi
352 2505 531 2564 sumserint
553 2507 590 2562 ut
613 2504 717 2564 civem
742 2519 838 2564 suurn
863 2505 1041 2564 Homerum
1065 2504 1166 2564 luisse
1189 2505 1413 2580 gloriarentur,

142 2608 301 2681 inquirere
335 2620 398 2666 nou
432 2606 526 2664 vacat
547 2609 578 2672 ⁵).
604 2605 686 2663 Nam
711 2605 817 2664 inanis
841 2609 892 2665 est
916 2606 995 2665 haec
1018 2605 1175 2681 quaestio,
1199 2605 1262 2666 nisi
1286 2609 1413 2666 constet

143 2710 321 2770 Homerum
342 2722 455 2766 revera
474 2706 645 2780 aliquando
663 2707 796 2766 vixisse.
818 2707 909 2767 Hanc
929 2709 1040 2767 autem
1059 2723 1140 2784 rem,
1157 2709 1272 2781 deque
1285 2710 1412 2768 veteres

143 2827 183 2872 ue
214 2810 401 2870 dubitarunt
431 2808 571 2883 quidem,
596 2808 687 2869 hodie
712 2809 785 2881 quis
808 2809 936 2882 estqui
960 2809 1123 2870 affirmare
1145 2809 1233 2870 ausit
1254 2811 1410 2882 tanquam

143 2913 290 2974 certam?
308 2909 425 2986 Quodsi
445 2910 610 2996 quaeritur
631 2909 790 2970 vixeritne
810 2925 953 2983 unquam
967 2913 1062 2985 poeta
1074 2912 1126 2972 cui
1137 2911 1278 2972 Homero
1291 2925 1410 2972 nomen

143 3014 249 3087 tuerit,
273 3010 504 3084 respondemus
524 3010 659 3070 libenter
686 3024 745 3069 nos
769 3011 907 3086 credere,
932 3014 1129 3073 nontamen
1153 3013 1361 3087 repugnaturi
1383 3013 1412 3073 si

178 3363 197 3430 ¹)
214 3367 284 3413 Gens
309 3368 395 3413 autem
420 3364 546 3425 quaedam
569 3365 695 3428 Ὁμηρίδαι,
722 3378 788 3426 quae
815 3370 873 3414 ante
900 3368 1051 3415 Strabonem
1077 3367 1135 3414 XIV
1158 3381 1182 3427 p.
1208 3369 1256 3415 64⁶
1273 3367 1300 3413 in
1318 3368 1413 3414 nostris

142 3444 256 3491 fontibus
274 3458 323 3492 non
342 3448 562 3505 commemoratur,
579 3442 699 3491 ininsula
713 3445 776 3492 Chio
795 3447 912 3503 exi-aban
937 3447 1007 3506 quod
1024 3460 1117 3495 noman
1135 3451 1236 3495 essetne
1254 3447 1287 3494 cb
1307 3448 1411 3494 Homeri

142 3524 244 3570 nomine
266 3523 371 3571 ductum
398 3524 564 3583 ambigebant
584 3528 692 3580 veteres,
716 3524 767 3571 vid.
791 3526 912 3585 Harpocr.
931 3539 951 3572 s.
969 3540 992 3573 v.
1011 3551 1043 3560 -
1062 3524 1198 3574 Praeterea
1215 3527 1248 3573 cs.
1265 3526 1412 3586 Stephanus

142 3603 202 3661 Byr.
220 3616 240 3649 s.
258 3617 280 3648 v.
300 3606 420 3657 Βολισσός.

175 3677 197 3745 ²)
214 3682 347 3741 Smyrnam
371 3686 466 3742 autem,
491 3683 595 3729 Homeri
618 3683 737 3742 patriam,
759 3683 953 3731 Atheniensium
977 3685 1103 3732 coloniam
1121 3685 1201 3732 lulase
1219 3684 1338 3745 perhibet
1355 3686 1409 3744 epi-

142 3773 257 3819 gramma
274 3761 300 3807 in
317 3760 480 3808 Pisistratum
497 3757 560 3823 (vid.
577 3759 667 3823 iniral:

490 3841 595 3905 ἡμίνιρος
611 3843 655 3906 γὰρ
673 3852 744 3897 κεῖνος
761 3845 774 3890 ό
790 3847 889 3908 χρύσεος
906 3841 932 3904 ἦν
949 3846 1063 3905 πολιήτης,

539 3922 602 3984 εἴπερ
619 3923 741 3982 Ἀθηναῖοι
759 3927 867 3987 Σμύρναν
883 3924 1040 3986 ίτπῳκίσαμεν.

175 3993 194 4055 ³)
212 3997 296 4044 Etiam
314 3997 480 4056 aengebusch
497 3999 599 4046 Homer.
616 4000 684 4047 Dies.
702 4001 728 4047 11
746 4015 771 4061 p.
791 4003 836 4048 101
856 4015 912 4062 sqq.
930 4003 966 4048 ita
984 4004 1111 4062 opinatur.

175 4073 197 4138 ⁴)
214 4076 365 4136 colophonii
381 4081 467 4125 autem
484 4081 557 4126 erant
573 4081 743 4141 Xenophanes
760 4082 904 4141 rhapscdus
928 4083 1024 4129 saeculi
1041 4083 1085 4130 vn
1106 4087 1133 4130 et
1149 4083 1315 4131 Antimachus
1333 4087 1409 4143 poeta

141 4158 231 4216 apicus
246 4157 342 4204 saeculi
360 4157 401 4215 V¹;
419 4159 461 4204 hic
479 4171 525 4219 pro
543 4159 701 4220 Colophonio
718 4161 830 4208 habehat
848 4163 996 4224 Homerum,
1014 4164 1075 4211 item
1094 4164 1220 4211 Nicander
1237 4164 1341 4224 alinue.

175 4233 195 4299 ⁵)
213 4236 310 4282 Indicia
333 4250 365 4283 ex
387 4239 450 4298 ipsis
468 4239 625 4286 carminibus
642 4243 723 4301 epicis
743 4242 823 4301 petita
840 4247 998 4302 pepererunt
1017 4243 1163 4303 plerasque,
1181 4243 1292 4291 fortusse
1309 4255 1408 4298 omnes,

142 4327 208 4374 quae
234 4314 266 4362 de
291 4316 394 4363 Homeri
420 4318 517 4376 origine
543 4318 658 4377 prolatae
682 4323 749 4376 sunt,
773 4320 913 4380 opiniones.
938 4321 1005 4368 Iiuse
1027 4322 1075 4369 hac
1099 4322 1131 4369 de
1155 4336 1183 4370 re
1206 4323 1313 4382 egerunt
1330 4321 1357 4367 F.
1377 4323 1407 4369 G.

141 4394 256 4441 Welclrer
276 4395 322 4442 der
344 4396 448 4456 epische
471 4398 564 4456 cyclus
578 4412 604 4457 p.
622 4400 740 4459 rar-198,
763 4399 930 4458 Sengebnsch
952 4401 1025 4448 Hom.
1043 4402 1110 4449 Dias.
1136 4401 1171 4448 11.
1188 4403 1281 4449 Notata
1301 4400 1408 4458 dignum

142 4476 181 4519 est
197 4473 287 4534 Mileti,
305 4488 355 4533 qua
373 4474 443 4521 nulla
461 4475 553 4522 clarior
570 4476 707 4535 aliquando
725 4479 774 4524 luit
792 4480 882 4526 civitas
900 4480 1005 4541 Graeca,
1028 4483 1111 4528 civem
1133 4496 1148 4528 a
1168 4483 1269 4528 nemine
1287 4485 1407 4528 vocatum

141 4566 198 4598 ease
215 4554 361 4601 Homerum.
