3120 5124
742 389 804 447 126
1314 390 1343 461 [5
1365 386 1403 451 38

141 581 175 639 et
196 577 269 653 130,
290 575 425 637 Schulze
446 574 574 650 Quaest.
589 573 644 648 ap.
665 589 694 647 p.
719 575 780 633 122
801 590 869 648 sqq.
885 608 923 616 -
940 574 1125 649 comparari
1145 579 1283 651 possunt
1301 574 1405 648 ἱεᾱνός

141 677 282 756 -ιιὲφᾱλος
306 674 442 755 -ιιέιηλος
464 674 681 755 ιειροιφάληρος
701 690 719 734 θ
738 674 863 752 ἔεοινςός
885 672 1041 752 -ιιέφολρος
1065 673 1217 754 -ιιέτοιλςος
1239 676 1407 756 -φάλαρςος,

143 784 206 843 vid.
230 796 302 856 pag.
329 781 380 840 28.

186 885 217 955 4)
241 883 335 956 ξεῖνος
366 879 492 953 (ξείνιος,
523 876 663 955 ξεινήιον,
685 876 807 955 ξεινίζω,
829 878 865 937 at
888 873 1002 949 ξένιος).
1028 877 1184 939 Primitus
1211 879 1274 940 fuit
1297 876 1408 955 {lasea

142 987 205 1047 vid.
230 1001 259 1061 p.
287 985 359 1045 123.

187 1090 217 1158 ὅ)
240 1082 320 1162 ιΐνοι,
343 1085 381 1145 cs.
406 1083 424 1152 ἓ
449 1083 522 1144 165.
547 1082 632 1142 Olim
656 1081 717 1142 fuit
740 1077 843 1156 slafe),
867 1081 906 1142 cf.
931 1079 1072 1157 τίνν-μαι.

186 1192 216 1260 6)
241 1184 350 1267 γοονός
384 1187 456 1259 eta,
492 1184 531 1244 cl.
567 1184 585 1252 ἓ
621 1183 673 1244 68.
718 1181 920 1257 Suppletoria
954 1183 1033 1243 haee
1068 1185 1120 1243 est
1153 1185 1323 1258 productio
1354 1200 1408 1260 pro

141 1289 253 1370 yovfdg
277 1291 337 1349 etc.

187 1395 216 1462 7)
241 1397 352 1468 μοῦνος
376 1405 393 1449 e
416 1385 538 1464 udvfoy.
563 1386 756 1461 corruptum
779 1389 830 1447 est
853 1385 1001 1464 μονωθείς
1024 1389 1055 1445 Λ
1078 1387 1153 1448 470.

188 1495 218 1563 8)
242 1490 380 1571 εἰρωιάω,
413 1490 452 1550 cf.
484 1489 502 1557 ὃ
527 1489 600 1548 264.
634 1488 707 1547 Fuit
737 1485 887 1566 ἒρέωιάοο,
918 1489 1001 1562 quod
1032 1489 1191 1561 quomodo
1222 1492 1338 1551 natum
1368 1491 1410 1551 sit

143 1596 264 1669 optime
302 1592 442 1667 explicat
482 1590 616 1651 Sebulze
652 1589 781 1665 Quaest.
817 1589 872 1664 Ep.
908 1606 938 1665 p.
975 1591 1028 1666 97,
1063 1590 1225 1664 Buggium
1259 1595 1407 1653 secutus:

144 1693 236 1771 ἕρὲιῑω
261 1692 363 1773 (Aeol.
386 1690 487 1772 ἕρεύω,
512 1692 550 1753 cf.
575 1692 671 1752 Hom.
696 1688 863 1769 ἐρευ-νοὶοι),
885 1689 973 1770 tufa,
997 1690 1128 1770 [ἕρέως],
1148 1689 1313 1772 tufus-utu.

186 1800 216 1867 9)
240 1794 348 1874 δουρός
379 1797 450 1870 eta,
482 1795 521 1854 af.
554 1794 648 1863 568.
681 1792 891 1854 productione
926 1794 1123 1868 suppletoria
1150 1810 1191 1855 ex
1214 1794 1327 1875 boelis
1350 1798 1409 1857 etc.

143 1902 221 1960 haee
245 1900 322 1958 sunt
344 1899 431 1957 nata.

188 2002 239 2068 10)
270 2006 378 2077 κοῦρος
408 1997 511 2076 κούρη.
542 1997 781 2069 Antiquissima
808 1997 913 2057 forma
944 1999 1014 2058 erat
1044 1996 1155 2076 xu‘efeg
1182 1995 1290 2076 abusu.
1314 1998 1412 2059 uxtat

142 2112 187 2161 τοι
212 2101 330 2179 Kasion
362 2099 443 2160 IGA.
469 2099 532 2159 324
557 2104 600 2169 l:
614 2098 689 2159 0011.
715 2100 801 2173 373),
833 2099 873 2160 cf.
898 2097 1066 2178 Κορβείδας
1090 2099 1168 2160 (loll.
1194 2101 1258 2160 710
1283 2105 1328 2171 (=
1339 2101 1410 2163 Kai-

142 2202 331 2273 04114920).

190 2303 249 2381 11),
270 2302 384 2382 οὐρούς.
408 2303 553 2363 Incertae
577 2302 710 2375 originis
733 2303 785 2362 est
808 2318 881 2363 vox.

190 2409 240 2476 12)
265 2396 354 2483 οὖρος
385 2405 546 2464 laminae.
578 2404 652 2464 Fuit
684 2402 784 2480 belec,
815 2405 1090 2476 quemadmodum
1113 2406 1232 2478 legitur
1258 2406 1293 2466 in
1318 2408 1413 2467 inser.

143 2509 269 2583 Corcyr.
294 2508 376 2568 IGA.
402 2508 466 2567 346
491 2509 524 2566 et
549 2506 625 2566 010.
653 2507 737 2565 1909
761 2505 849 2576 (0011.
875 2507 961 2565 3192
987 2508 1019 2566 et
1044 2508 1152 2576 3194).

187 2714 272 2772 Ante
296 2711 441 2771 litteram
461 2725 478 2766 σ
501 2708 690 2783 productam
713 2709 834 2768 habent
857 2708 1037 2782 syllabam:

191 2817 218 2884 1)
242 2815 328 2883 fisos
358 2809 458 2881 ἔιῑῑσος
489 2825 564 2870 eum
595 2809 709 2869 multis
733 2810 921 2885 compositis
942 2808 973 2881 Ι).
999 2811 1237 2885 Antiquissima
1262 2812 1416 2874 adieetivi

142 2917 247 2976 forma
280 2914 389 2984 Ησνος
424 2915 516 2974 extat
549 2913 582 2971 in
617 2912 712 2972 inser.
750 2912 900 2986 Gortyn:
935 2912 1140 2993 irritamque.
1165 2948 1205 2956 -
1239 2913 1416 2991 corripitur

13 3094 19 3107 .
142 3018 267 3091 syllaba
290 3016 425 3076 initialis
448 3016 525 3075 Hes.
551 3014 643 3088 oper.
670 3017 732 3075 752
757 3017 791 3075 et
813 3015 928 3088 fragm.
956 3016 1029 3076 139.

190 3121 220 3189 2)
243 3126 352 3189 νοῦσος
376 3117 508 3191 originis
530 3117 669 3189 ignotae.

155 3238 159 3245 ·
188 3222 359 3281 Praeterea
389 3221 485 3293 longa
515 3221 566 3278 est
596 3218 723 3291 syllaba
752 3240 817 3275 -αν-
849 3219 1020 3279 verborum
1052 3210 1145 3278 [κᾶνω
1168 3220 1202 3278 et
1224 3211 1338 3296 κιχάνω
1363 3221 1415 3293 (ei.

145 3324 162 3391 ἓ
189 3325 272 3397 143),
296 3322 412 3396 quibus
435 3321 535 3380 Attici
560 3334 622 3380 non
648 3322 792 3380 utuntur.

190 3527 277 3586 Inter
320 3527 408 3601 haec,
452 3541 534 3598 uuae
573 3525 806 3600 recensuimus,
843 3525 998 3585 vocabula
1032 3524 1187 3585 nonnulla
1220 3527 1300 3586 sunt
1333 3541 1417 3600 quae

146 3628 317 3702 syllabam,
349 3643 412 3701 qua
443 3629 480 3688 de
512 3629 628 3702 agitur,
663 3628 757 3687 modo
788 3628 820 3686 in
849 3629 913 3688 arsi
938 3628 1032 3688 modo
1056 3628 1089 3687 in
1112 3628 1197 3687 thesi
1221 3626 1417 3702 collocatam

145 3730 275 3804 habent,
304 3729 409 3802 prouti
441 3744 595 3789 versuum
628 3729 690 3788 fert
721 3730 802 3788 ratio
834 3729 949 3804 (ξεῖνος,
979 3736 1087 3801 κοῦρος
1114 3730 1148 3788 et
1170 3728 1275 3807 κούρη,
1299 3727 1420 3806 οὐρούς,

146 3822 262 3909 οὖρος),
290 3830 355 3890 alia
377 3830 410 3890 in
433 3831 519 3891 thesi
538 3833 643 3891 rarius
662 3832 719 3891 sed
738 3834 849 3891 tamen
869 3830 951 3890 satis
971 3831 1154 3903 frequenter
1173 3833 1297 3906 ponunt
1316 3832 1418 3905 (καλός

146 3933 178 3992 in
202 3933 287 3993 thesi
320 3928 386 4007 lib,
419 3932 526 4006 δουρός
558 3935 618 3993 etc.
643 3925 709 4008 lsi,
740 3930 849 4012 γοονός
880 3934 941 3993 ete.
969 3924 1053 4007 ll9);
1084 3932 1149 3993 alia
1171 3947 1268 4006 saepe
1292 3933 1325 3993 ln
1350 3935 1418 3995 arsi

146 4035 275 4109 habent,
306 4035 338 4093 in
371 4035 456 4094 thesi
488 4035 653 4094 rarissime
686 4038 808 4109 (μοῦνος
839 4033 953 4110 μουνάξ
987 4031 1117 4109 μουνόο,
1140 4034 1173 4093 in
1199 4034 1285 4094 thesi
1310 4036 1418 4096 1340

148 4138 174 4193 ll
206 4137 269 4195 225
305 4132 424 4198 Ξ492
456 4155 478 4192 ιι
516 4137 592 4210 117;
628 4143 746 4207 νοῦσος,
780 4136 812 4195 in
844 4136 928 4194 thesi
960 4135 1062 4195 2395
1093 4136 1215 4210 1172;
1247 4126 1353 4212 ἱκάνοι,
1383 4138 1418 4198 in

146 4238 230 4298 thesi
263 4237 289 4295 0
319 4238 359 4296 47
395 4238 505 4297 0151
548 4240 579 4295 Χ
609 4239 670 4298 147
702 4238 833 4310 ι432);
868 4237 932 4296 alia
962 4236 1098 4308 denique
1128 4237 1161 4296 in
1188 4237 1253 4296 arsi
1284 4239 1419 4298 tantum

183 4481 199 4542 ¹)
218 4485 248 4531 G.
267 4482 364 4542 Meyer*
383 4497 407 4542 p.
430 4485 477 4530 223
502 4486 528 4530 et
545 4485 593 4530 260
612 4496 649 4542 sq.
668 4486 733 4536 ἴσσος
750 4483 827 4529 scribi
845 4484 951 4544 mavult,
971 4483 1186 4543 quemadmodum
1204 4484 1231 4529 in
1248 4484 1419 4545 inscriptione

147 4566 255 4622 Cymaea
274 4564 336 4610 Coll.
356 4561 426 4610 311¹⁵
443 4565 575 4609 ιὀσοθέοιοι
594 4564 700 4621 lenitum
720 4564 760 4608 cui
780 4564 919 4609 assentitur
937 4563 1045 4610 schulze
1063 4566 1167 4619 Quaest.
1189 4565 1261 4610 llum.
1279 4577 1305 4624 p.
1327 4566 1368 4612 89.
