3120 5124
138 421 156 489 ἓ
183 422 214 489 'il
760 424 799 481 41

139 605 285 679 κέλευθος
308 605 488 680 ἀκόλουθος.
513 609 574 670 Sed
598 610 679 685 soni,
703 624 784 683 quos
811 610 942 684 praebet
964 610 1077 669 textus
1100 608 1252 680 vulgatus
1277 623 1317 667 ex
1342 609 1415 668 dua·

138 723 215 768 rum
247 709 410 770 vocalium
446 711 580 771 conubio
614 713 720 786 natos,
743 711 776 770 in
802 711 916 770 multis
947 709 1112 769 vocabulis
1135 708 1291 768 debentur
1315 708 1414 768 mani·

141 811 238 870 festis
273 812 447 888 erroribus,
471 812 505 872 in
527 813 673 887 pluribus
696 814 839 887 suspecti
862 815 948 873 sunt.

186 912 327 973 Multum
354 917 467 974 tamen
490 915 583 975 abest
606 917 642 974 ut
664 930 778 975 omnes
801 915 998 989 diphthongi,
1030 929 1112 987 quae
1137 913 1183 972 ita
1211 914 1301 972 ortae
1329 913 1417 983 sunt,

138 1029 160 1073 a
195 1015 336 1076 dictione
378 1015 551 1076 Homerica
584 1016 649 1075 sint
682 1016 922 1076 abiudicandae.
970 1016 1079 1075 Prlmo
1114 1014 1304 1088 excipienda
1339 1013 1417 1071 sunt

138 1115 262 1177 suilixa
284 1117 455 1192 quaedam,
483 1117 515 1176 in
539 1117 708 1178 nominum
732 1118 967 1190 verborumque
991 1117 1129 1177 flexione
1152 1115 1276 1190 passim
1302 1112 1414 1185 obvia;

140 1217 179 1278 de
215 1218 381 1278 solvendis
416 1219 503 1278 enim
537 1219 743 1293 diphthongis
777 1234 858 1292 quas
890 1219 1043 1278 exhibent
1065 1232 1201 1277 casuum
1228 1215 1359 1275 termini
1383 1236 1416 1294 -ρ

140 1342 174 1400 -p
205 1342 251 1378 -αι
282 1336 347 1403 -ησι
372 1317 393 1389 ¹)
426 1341 483 1379 -ειο
518 1341 579 1380 -οιο
608 1343 646 1404 -gu
677 1341 720 1379 -οι
759 1336 843 1395 -οισι,
880 1335 1091 1395 personarum
1132 1317 1251 1377 suffixa
1285 1336 1341 1384 -εις
1377 1335 1416 1372 -ει

142 1443 208 1495 -μαι
231 1438 296 1480 -σαι
318 1445 380 1481 -ται
403 1444 483 1480 -νται
504 1427 596 1498 -ἅται,
617 1422 769 1483 infinitivi
791 1425 914 1496 ·(μ)εναι
937 1426 1036 1490 -σθαι,
1058 1421 1216 1496 participii
1239 1422 1305 1477 -υῖα
1330 1417 1415 1477 aliis·

143 1536 204 1594 que
225 1524 324 1584 huius
346 1525 473 1597 generis
496 1540 536 1585 ne
559 1525 690 1597 cogitari
716 1525 845 1597 quidem
868 1526 991 1600 potest;
1017 1525 1096 1583 talia
1120 1538 1193 1583 curn
1216 1521 1286 1594 ipsa
1306 1519 1416 1591 lingua

147 1622 274 1699 Graeca,
299 1627 457 1698 quantum
481 1626 611 1699 quidem
635 1627 768 1700 scimus,
793 1628 871 1686 suut
894 1628 979 1686 nata.

188 1724 363 1786 'testantur
392 1729 502 1787 autem
527 1728 587 1787 hae
611 1728 799 1800 similesque
822 1727 957 1802 formae,
981 1727 1075 1799 longe
1098 1724 1251 1784 facillime
1274 1722 1347 1781 inde
1376 1721 1415 1780 ab

150 1827 379 1899 antiquissimis
390 1830 589 1904 temporibus
597 1830 743 1890 vocalem
755 1830 817 1889 tolo
830 1829 987 1889 coaluisse
1001 1844 1075 1889 cum
1088 1824 1291 1902 praecedenti
1301 1824 1414 1897 vocali,

154 1942 246 2001 neque
275 1930 374 2002 igitur
397 1934 449 1991 est
470 1932 615 1992 mirabile
635 1933 668 1991 in
689 1932 862 1992 Homerica
884 1931 994 2004 lingua
1018 1928 1202 1990 huiusmodi
1227 1926 1412 1987 contractio-

157 2030 200 2089 nis
219 2032 367 2106 exempla
389 2034 546 2106 quaedam
571 2033 705 2094 subinde
729 2049 801 2093 esse
824 2037 911 2093 nata.
935 2034 1048 2106 Itaque
1062 2032 1248 2104 corruptum
1261 2042 1415 2088 recensus

162 2145 212 2191 non
243 2135 292 2193 est
318 2133 525 2195 iudicandum
557 2134 749 2195 vocabulum
781 2132 917 2216 ὑπερῷον
944 2136 990 2204 (ll
1013 2134 1075 2194 184
1098 2156 1118 2191 οι
1142 2133 1205 2193 362
1233 2134 1316 2205 etei,
1340 2130 1417 2190 licet

167 2231 230 2292 alias
249 2235 280 2293 in
301 2235 483 2297 Homericis
505 2237 683 2310 reperiatur
705 2236 810 2296 forma
832 2236 999 2310 primitiva
1021 2233 1169 2312 ὑπερώιοο
1192 2235 1228 2302 (Β
1241 2234 1305 2293 514
1322 2254 1338 2306 ρ
1354 2233 1414 2291 101

172 2335 253 2395 ⁶302
277 2339 367 2410 etc.l;
401 2340 434 2398 et
456 2339 620 2412 genitivus
642 2335 817 2419 suppose
845 2338 1046 2397 nominativo
1069 2335 1199 2411 παρήιον
1223 2343 1340 2417 παρηον
1364 2348 1416 2392 na·

173 2435 213 2494 tus
237 2430 456 2500 ‘contractione
486 2440 598 2499 eadem
623 2455 705 2512 quae
729 2439 761 2498 in
785 2439 973 2513 compositis
997 2437 1195 2519 καλλιπάρῃος
1219 2434 1416 2518 μιλτοπάρῃος

174 2537 381 2621 ροιιικοπάρηος
415 2539 618 2622 χαλκοπάρηος
650 2540 800 2614 cernitur,
832 2541 925 2613 longe
958 2542 1008 2599 est
1038 2540 1266 2614 praeferendus
1296 2536 1328 2594 Ω
1353 2536 1416 2596 794

177 2638 221 2696 etc.
237 2640 352 2703 lormae
372 2657 487 2718 parum
507 2641 708 2716 Homericae,
730 2656 827 2714 quam
848 2642 979 2715 praebet
997 2645 1110 2701 textus
1124 2642 1272 2714 traditus,
1286 2647 1416 2712 πορειῶν

178 2751 218 2808 pro
242 2736 394 2820 παρειάων,
422 2759 442 2803 a
473 2744 673 2803 nominativo
696 2738 714 2819 ἡ
742 2742 849 2820 napaei
873 2743 923 2813 (ci.
948 2745 966 2813 ἓ
991 2747 1053 2813 56).
1079 2744 1204 2804 Similia
1227 2745 1304 2801 sunt
1324 2735 1416 2815 ’ληί-

179 2852 238 2907 tuto,
254 2844 369 2920 ληισοήρ
390 2878 431 2886 -
455 2841 580 2922 ἀγελείη,
603 2844 716 2919 Ἀρήιος
738 2879 779 2887 -
801 2849 917 2921 diptico,
941 2844 1054 2920 ῥηίδιος
1074 2880 1116 2886 -
1137 2844 1200 2922 ρἐῐο
1226 2841 1258 2913 ²),
1279 2842 1349 2913 πάϊς
1373 2876 1414 2882 --

179 2944 230 3010 usq
248 2940 276 3021 ³),
296 2943 372 3023 ἠύ(ς)
396 2944 468 3017 ddici
480 2979 522 2988 —
535 2937 568 3005 ad
591 2943 625 3022 ⁴),
653 2946 764 3024 Τρώιος
777 2980 817 2988 -
835 2946 924 3025 Τροίη
949 2945 981 3015 ⁵).

213 3040 351 3108 Ultimum
387 3051 498 3108 autem
534 3049 719 3122 exemplum
756 3049 841 3108 ultro
876 3064 935 3108 nos
966 3049 1094 3108 deducit
1124 3049 1164 3107 ad
1192 3047 1416 3122 quaestionem

181 3139 382 3210 difficillimam.
417 3150 540 3224 Nempe
575 3150 767 3210 vocabulum
806 3151 895 3225 Τροίη
931 3152 1083 3224 perpetuo
1118 3150 1184 3209 iere
1206 3144 1228 3218 θ)
1264 3150 1296 3208 in
1332 3148 1416 3206 thesi

182 3240 338 3310 collocatam
369 3250 466 3311 habet
496 3251 656 3325 syllabam
688 3251 844 3325 priorem;
869 3252 942 3311 hinc
966 3254 1044 3310 sunt
1068 3251 1121 3323 qui
1145 3251 1342 3312 contendunt
1365 3251 1416 3308 tri·

185 3425 367 3453 ’κη-

206 3545 220 3610 ¹)
233 3552 336 3606 Dubitari
359 3563 444 3607 tamen
469 3564 555 3620 potest
576 3574 607 3605 an
627 3562 741 3619 praestet
757 3560 852 3605 omisso
876 3559 928 3604 iota
947 3558 1092 3618 subscripto
1116 3559 1229 3604 scribere
1247 3574 1295 3616 -ηοι
1324 3554 1379 3621 (snt
1397 3560 1418 3604 si

181 3630 321 3686 inienuus
337 3636 408 3704 οῖσι),
426 3643 455 3686 ut
472 3641 566 3698 legitur
584 3641 609 3685 in
633 3639 819 3698 antiquissimis
838 3639 1056 3697 inscriptionibus,
1081 3639 1113 3684 oi.
1137 3639 1200 3696 §57
1227 3642 1253 3684 et
1270 3639 1320 3683 vid.
1341 3639 1417 3684 Meis·

182 3708 258 3760 ltrhrns
278 3716 385 3766 drumm.
404 3720 428 3765 d.
446 3722 490 3765 att
509 3714 620 3766 Inschr.²
637 3733 661 3779 p.
681 3720 713 3765 94
731 3732 783 3778 sq.;
803 3735 866 3780 „por
884 3735 943 3764 οισι
965 3717 1022 3764 siud
1041 3718 1253 3777 Neubildungen”
1271 3720 1418 3777 Brugmann

182 3785 256 3839 (triech.
273 3798 429 3844 (iranrmatik
449 3798 463 3858 ἕ
483 3801 522 3844 90.

204 3862 217 3924 'i
232 3874 339 3936 Analogia
362 3878 388 3923 in
412 3877 507 3922 talibus
530 3876 661 3922 vocabulis
686 3876 768 3934 magis
791 3875 953 3922 commendat
976 3876 1164 3935 diphthongum
1184 3895 1195 3937 η
1214 3889 1290 3934 quarn
1308 3888 1340 3929 ιι;
1359 3889 1417 3921 narn

179 3943 234 4006 ¹⁰⁰8·
248 3957 335 4004 vocalis
353 3975 365 4016 η
383 3956 510 4003 confluere
528 3959 630 4014 poterat
647 3968 705 4002 cum
722 3956 804 4001 vocali
823 3957 883 4012 iota,
900 3956 946 4002 ssd
965 3969 1014 4002 non
1032 3959 1133 4015 poterat
1151 3957 1176 4001 in
1194 3956 1244 4001 arsi
1261 3955 1355 4014 corripi
1373 3951 1418 4017 (oi.

179 4023 240 4090 iu).
262 4036 350 4096 Itaque
375 4037 396 4081 si
423 4036 482 4094 quie
509 4035 573 4082 nolit
600 4035 667 4081 serre
692 4038 778 4081 textus
801 4035 888 4082 traditi
911 4035 959 4081 hac
975 4036 1001 4081 in
1020 4049 1047 4081 re
1068 4035 1274 4094 inconstantiam,
1293 4035 1376 4095 ἀγολῄη
1393 4039 1420 4081 et

179 4107 237 4169 duis
255 4119 278 4160 et
293 4118 336 4176 ρῇο
354 4115 451 4161 scribat
469 4115 555 4174 potius
573 4127 650 4173 quam
668 4118 778 4175 -ndperan
797 4114 847 4160 Sed
871 4115 952 4159 estius
970 4113 1071 4160 videtur
1089 4114 1158 4173 talia,
1177 4127 1242 4172 quae
1264 4127 1348 4172 neque
1366 4127 1419 4159 om·

178 4185 221 4231 nino
234 4198 294 4239 corta
310 4198 371 4241 sunt
389 4208 473 4253 neque
491 4195 577 4252 magni
594 4195 725 4246 momenti,
744 4194 839 4239 intacta
857 4194 1015 4252 relinquere;
1035 4193 1169 4239 videantur
1184 4206 1250 4251 quas
1265 4193 1296 4238 de
1315 4193 1421 4238 vocibus

176 4264 223 4322 too.-
236 4275 258 4317 et
274 4276 367 4337 Θρήικος
385 4274 411 4319 in
430 4274 444 4331 5
464 4274 493 4319 ii
513 4276 573 4318 sunt
590 4273 733 4319 observata,

199 4341 308 4407 ¹illultis
326 4352 390 4398 locis
408 4354 479 4397 certa
498 4355 538 4397 est
556 4352 638 4397 forma
655 4349 789 4411 disyllaba,
808 4350 897 4397 multis
914 4351 1090 4409 monosyllaba
1108 4351 1215 4397 distrahi
1233 4351 1330 4408 nequit.

198 4421 214 4480 ⁴l
228 4429 302 4476 listro
319 4435 345 4477 et
362 4433 523 4480 contractum
541 4427 566 4475 ul
584 4433 610 4477 et
628 4429 783 4490 disyllabum
803 4435 826 4476 ld
844 4431 980 4489 permultis
998 4431 1061 4476 locis
1079 4431 1215 4476 stabilitur.

196 4501 212 4560 'l
227 4507 261 4553 De
277 4510 351 4556 tertia
369 4512 452 4557 forma
473 4513 556 4572 Τρῳάς,
578 4524 643 4569 quae
660 4510 754 4556 melius
775 4505 861 4575 Τριῶῑος
878 4510 1006 4565 scribitur,
1025 4510 1056 4555 cl.
1076 4510 1089 4567 ἓ
1110 4511 1147 4555 17.

195 4579 214 4649 ⁶)
228 4586 343 4649 Exceptis
361 4589 477 4652 quinque
494 4588 558 4637 loeis
575 4589 620 4635 ubi
637 4588 813 4638 hexametrum
833 4590 930 4650 aperit:
948 4590 972 4634 Ω
990 4590 1046 4645 256,
1064 4590 1113 4636 494
1131 4607 1146 4634 ο
1165 4589 1195 4639 82
1214 4589 1226 4633 d
1246 4589 1277 4639 99
1295 4607 1305 4633 ι
1324 4589 1380 4637 adt.
