3120 5124
122 421 152 495 4,
178 420 253 490 315]
643 422 704 482 esi

151 604 207 665 etot
241 621 281 666 an
312 601 361 664 ἐπὶ
391 600 529 682 ποιμένες
560 602 618 664 εἰσί
647 606 690 665 sit
723 606 928 667 scribendum
950 608 1127 682 ambigitur
1150 604 1222 685 (nos
1245 610 1305 670 hoc

122 707 265 782 erimus),
289 707 322 767 et
347 706 395 766 sio
417 721 522 781 porro.
549 705 594 766 uf.
620 707 720 767 Lehrs
745 708 857 769 brist.¹
882 725 912 784 p.
942 710 1003 768 107
1027 725 1097 783 sqq.

146 809 322 869 recentiore
352 809 462 882 lingua
493 808 554 868 soli
585 809 813 882 praepositioni
841 807 915 888 πρός
937 811 1034 870 buius
1056 811 1228 885 potestatis
1251 811 1305 871 ali·

137 911 326 984 permansit.
359 910 446 988 Quae
477 911 510 970 et
540 909 685 970 adverbii
708 910 777 971 loco
802 907 863 988 (nal
886 910 970 990 πρός,
991 910 1066 990 πρὸς
1090 909 1134 990 st)
1158 914 1306 988 usurpari

122 1013 168 1087 at,
208 1013 240 1072 et
271 1012 377 1072 verbis
415 1026 541 1085 quoque
573 1012 754 1085 praemissa
786 1028 885 1072 suum
923 1014 984 1073 sibi
1017 1017 1187 1075 accentum
1221 1015 1307 1075 baud

135 1114 328 1190 vindicabat,
352 1129 379 1174 e.
404 1129 434 1188 g.
466 1110 516 1172 καὶ
547 1111 633 1191 χάριν
664 1111 739 1191 πρὸς
776 1113 891 1192 εἴσομαι
924 1109 994 1197 (alii
1017 1115 1220 1194 προσείσομαι)
1251 1119 1305 1177 Ar.

122 1260 129 1275 .
157 1216 252 1276 1420.

122 1331 180 1390 epe
210 1320 321 1378 autem
360 1317 614 1392 praepositiones
645 1331 665 1376 a
696 1316 814 1393 verbis,
846 1318 961 1391 quibus
990 1319 1188 1392 praemissae
1220 1322 1306 1396 sunt,

122 1419 248 1493 iguntur
277 1433 343 1478 una
372 1418 559 1492 pluribusve
588 1418 719 1478 vocibus
751 1419 968 1493 interpositis;
1001 1420 1104 1480 tmesis
1132 1434 1214 1493 quae
1245 1421 1308 1481 diei
1425 1459 1430 1471 ·

122 1565 126 1581 .
158 1519 242 1580 Hine
265 1535 390 1594 quoque
414 1521 534 1594 liquide
565 1520 699 1595 apparet
721 1521 991 1594 praepositionem
1016 1536 1097 1582 aevo
1120 1522 1209 1596 epioo
1233 1538 1307 1583 non-

135 1623 168 1682 in
192 1637 295 1683 unum
319 1638 434 1697 corpus
457 1638 532 1683 cum
556 1637 615 1682 suo
640 1622 737 1681 verbo
760 1621 889 1683 abiisse.
913 1623 1071 1697 Exempla
1094 1626 1207 1685 sunto:

233 1720 284 1782 καλ
306 1720 365 1783 ἐπὶ
388 1719 501 1800 κνέφας
525 1713 634 1801 ἦλθε.
1010 1729 1040 1783 Α
1063 1726 1139 1786 475.

235 1821 309 1883 ἀνὰ
332 1820 365 1884 δὲ
388 1823 494 1904 κρείων
518 1819 850 1903 ἈγαμέμνωνΙὲστη.
904 1861 907 1867 -
1013 1827 1136 1887 3100.

234 1923 331 1986 κατὰ
353 1926 427 2004 βοῦς
445 1920 615 2006 Ὑπερίονος
636 1919 762 1985 Ἠελίοιο
783 1919 787 2007 l
808 1923 968 2004 ἤσθιον.
1013 1950 1032 1985 α
1056 1928 1086 1988 8.

122 2125 193 2193 314.
217 2130 483 2206 Praepositiones‚
508 2144 590 2203 quae
610 2145 730 2190 nomon
749 2130 870 2190 habent
889 2131 1087 2206 adiunctum,
1108 2133 1203 2192 modo
1222 2148 1308 2206 prae·

122 2232 163 2306 nt,
194 2232 286 2292 cuius
318 2233 365 2293 rei
396 2231 643 2306 vulgatissimae
676 2231 827 2306 exempla
850 2232 965 2293 afferre
988 2233 1112 2309 inutile,
1138 2234 1233 2294 modo
1257 2250 1308 2294 no·

135 2332 384 2409 subiunguntur,
409 2334 599 2408 interposita
621 2334 786 2394 interdum
809 2333 976 2407 particula.
1001 2334 1080 2393 Post
1102 2335 1310 2410 anastrophen

141 2448 225 2506 quae
248 2434 365 2496 dicitur
395 2438 566 2496 accentum
588 2450 686 2495 suum
713 2436 847 2494 servant
868 2436 1122 2509 praepositiones
1145 2433 1177 2494 ἔν
1202 2433 1309 2517 (ouius

122 2550 139 2595 a
170 2535 328 2609 disyllaba
359 2533 405 2594 tvl
434 2536 554 2597 talibus
580 2537 660 2596 loeis
684 2535 766 2596 solet
790 2537 949 2612 usurpari,
972 2535 1012 2596 of.
1037 2537 1055 2606 ἓ
1079 2531 1183 2618 315⁵),
1207 2533 1247 2613 tt,
1269 2535 1310 2608 εἴς

122 2636 293 2710 disyllabae
312 2640 424 2698 autem
445 2638 698 2712 praepositiones
712 2670 752 2680 -
765 2637 911 2712 exeeptis
929 2633 1017 2713 ἀμφί,
1036 2634 1104 2713 ἀνά,
1118 2635 1193 2714 ἀντί,
1205 2637 1255 2697 διά
1269 2672 1309 2682 -

122 2738 208 2797 itum
230 2737 263 2797 in
287 2738 449 2811 syllabam
477 2738 616 2812 priorem
640 2738 812 2813 coniciunt,
836 2738 899 2797 nisi
922 2739 1007 2797 inter
1029 2754 1147 2800 nomen
1169 2741 1202 2800 et
1222 2755 1308 2814 prae·

122 2839 228 2899 ionem
252 2839 431 2899 intercedat
453 2839 612 2913 particula
632 2843 664 2908 ¹).
689 2838 749 2898 Ex.
772 2853 838 2912 gn:

167 2936 373 3017 καλεσσαμένω
396 2937 547 3019 ἀγορὴν
570 2937 627 3011 εἲς
650 2938 763 3011 πάντας
787 2939 928 3018 Ἀχαιούς.
1065 2965 1083 3020 γ
1109 2943 1181 3002 137.

168 3037 355 3102 ὅπλοισιν
378 3038 437 3101 ἔνι
461 3041 625 3103 δάεινοῖσιν
648 3038 767 3119 ἐδύτην.
1064 3044 1093 3101 K
1118 3045 1191 3103 254.

166 3145 267 3203 θεοῦ
289 3142 394 3223 πάρα
418 3142 499 3222 δῶρα
523 3139 666 3221 φέρουσα.
1071 3146 1097 3202 Τ
1117 3145 1147 3204 3.

167 3239 215 3303 ool
237 3240 270 3303 δὲ
291 3241 360 3305 θεοὶ
381 3237 489 3304 τῶνδ’
516 3239 602 3302 ἀντὶ
625 3242 710 3322 χάριν
734 3239 909 3320 μενοάεικέα
933 3243 1021 3303 δοῖεν.
1072 3247 1106 3302 Ψ
1129 3248 1203 3306 650.

167 3354 215 3428 τῷ
236 3339 266 3404 δ’
293 3341 355 3404 ἐπὶ
383 3344 528 3421 Τυδεΐδης
552 3335 635 3423 ὦρτο.
1066 3347 1100 3403 Η
1124 3349 1196 3407 163.

122 3446 180 3507 rlto
209 3447 317 3507 minus
348 3446 532 3521 frequenter
562 3461 621 3507 neo
658 3447 769 3507 tamen
800 3461 872 3506 raro
896 3446 985 3506 νονοο
1013 3462 1073 3507 suo
1108 3447 1310 3521 postponitur

122 3549 239 3609 >ositio.
261 3548 323 3608 ux.
346 3563 392 3621 gr.

167 3643 225 3724 tol
247 3657 345 3721 κακῶς
367 3646 461 3725 ἔλθοι,
483 3643 621 3719 ὀλέσας
648 3644 721 3707 άπο
744 3646 857 3719 πάντας
880 3645 1021 3729 ἑταίρους.
1068 3671 1079 3706 ι
1103 3651 1176 3709 534.

166 3740 265 3827 ἦλθε
287 3743 312 3808 δ’
338 3746 400 3809 ἐπὶ
421 3747 504 3828 ψυχὴ
527 3747 636 3828 μητρὸς
657 3748 902 3827 κατατεθνηυίης.
1065 3753 1081 3808 λ
1105 3750 1158 3811 84.

122 3949 194 4016 315.
217 3953 377 4013 Biformes
401 3952 452 4013 vel
475 3952 576 4013 etlam
600 3947 763 4013 trliorm'es
786 3953 820 4012 in
844 3952 982 4012 dictione
1005 3952 1095 4026 epiea
1115 3954 1193 4012 sunt
1220 3968 1306 4027 prae·

122 4055 211 4115 iones
232 4054 415 4114 nonnullae.
439 4054 509 4113 Non
532 4055 670 4114 dicimus
690 4069 775 4114 nuno
795 4069 957 4130 apocopen,
978 4067 1041 4126 qua
1061 4054 1182 4114 vocalis
1201 4053 1308 4113 finalis

122 4191 229 4201 ——d

122 4274 185 4322 [isos
209 4276 306 4335 regulis
332 4275 364 4322 ds
389 4276 497 4322 aooentn
524 4275 681 4336 oollocando,
707 4288 772 4334 quas
798 4289 813 4320 a
839 4274 970 4322 veteribus
995 4275 1170 4333 grammaticis
1201 4274 1308 4321 traditas

123 4368 189 4412 mus,
217 4359 318 4402 tantum
344 4355 465 4415 ponderis
491 4355 600 4414 quisque
627 4354 724 4401 tribnat
747 4357 871 4414 quantum
895 4353 975 4400 libeat
998 4354 1056 4413 ipsi.
1080 4353 1160 4403 Nobis
1180 4357 1248 4401 certe
1266 4356 1308 4401 vix

122 4434 219 4482 raudus
244 4436 363 4482 rideatur
384 4434 468 4482 editor
486 4436 531 4494 qui
548 4435 618 4480 τῶνδ’
638 4434 689 4481 dm
708 4434 805 4480 scribat
822 4432 862 4478 vel
881 4441 913 4496 τῷ
931 4433 954 4479 d'
976 4435 1020 4479 lm.
1037 4433 1105 4482 Nihil
1124 4435 1253 4480 tamenin
1272 4448 1307 4494 re,

122 4527 141 4560 a
165 4515 207 4561 vix
236 4515 376 4574 quidquam
403 4514 472 4573 quod
497 4517 523 4560 et
550 4516 649 4560 eertum
675 4516 701 4560 et
734 4515 797 4560 utile
823 4513 857 4559 sit
888 4513 948 4559 seiri
974 4524 1050 4571 posse
1076 4512 1186 4573 videtur,
1214 4526 1308 4560 novare

122 4605 171 4640 lus.

1201 4679 1228 4722 84
