3120 5124
700 441 793 483 XXVII

110 609 208 668 armis
231 609 323 669 nulla
344 608 381 669 111
402 611 533 671 mentio.
559 612 672 685 Itaque
696 615 829 687 apparet
851 613 935 686 quod
956 613 1080 687 primus
1103 612 1136 672 ni
1164 611 1258 672 fallor
1278 610 1381 671 obser·

111 710 198 770 ravit
221 710 338 785 Bergk,
362 713 502 786 primum
527 716 655 787 poetam
682 713 867 775 Patroclum
890 715 959 774 suis
982 715 1084 789 ipsius
1106 714 1208 775 armis
1230 713 1381 773 indutum

109 812 142 871 iu
163 811 285 872 bellurn
311 814 452 889 misisse,
477 815 646 888 postmodo
671 818 782 876 autem
806 817 945 876 insertos
969 814 1381 888 66661616161140-43,

110 915 162 988 64,
189 906 279 992 1341,
301 916 485 991 140-144,
508 916 692 977 798-800.
713 917 806 978 Unde
826 916 1025 991 intellegitur
1042 916 1230 977 recentioris
1249 915 1381 989 originis

109 1030 181 1075 esse
211 1030 294 1089 quae
325 1017 364 1078 de
396 1018 530 1078 Thetide
563 1019 744 1079 Vulcanum
774 1020 900 1079 visente
924 1020 960 1078 ut
983 1032 1067 1078 nova
1089 1015 1155 1078 illio
1178 1032 1271 1077 arma
1292 1018 1383 1090 petat

95 1115 141 1197 ⁸iu
175 1117 256 1178 libro
290 1121 320 1175 Σ
347 1122 536 1194 6611611161;
567 1121 643 1180 huic
675 1122 787 1181 autem
819 1121 960 1195 episodio
990 1121 1096 1179 serius
1128 1119 1227 1178 etiam
1259 1119 1382 1178 inserta

109 1220 160 1277 est
181 1221 293 1295 pulcra
315 1221 371 1281 illa
390 1223 447 1282 sed
466 1222 564 1282 nimis
584 1223 709 1296 prolixa
727 1223 820 1296 clipei
840 1237 859 1282 a
878 1222 1022 1282 Vulcano
1042 1221 1189 1281 fabricati
1209 1219 1381 1294 descriptio

109 1324 138 1378 Σ
160 1323 224 1381 483
256 1337 337 1397 sqq,
368 1337 468 1395 quam
497 1322 551 1383 diu
575 1324 651 1384 ante
675 1326 819 1384 nostram
845 1325 988 1384 aetatem
1012 1337 1032 1383 a
1059 1324 1214 1382 contextu
1238 1321 1380 1381 alienam

109 1424 265 1484 iudicavit
289 1424 480 1485 Zenodotus.

154 1525 298 1586 Levioris
328 1527 486 1587 momenti
516 1529 594 1587 sunt
624 1528 685 1588 loci
716 1529 846 1601 quidam
879 1529 963 1589 inter
993 1543 1029 1587 se
1056 1529 1166 1601 aperte
1189 1527 1381 1600 pugnantes,

107 1628 141 1687 in
176 1627 293 1700 quibus
324 1628 531 1688 conciliandis
572 1628 713 1689 multum
745 1629 823 1689 olim
856 1629 1055 1689 desudarunt
1084 1626 1307 1701 grammatici;
1340 1641 1382 1686 ex

108 1744 171 1802 quo
202 1743 319 1801 genere
350 1731 401 1790 est
430 1730 590 1791 Adrastus
621 1730 833 1791 Troianorum
864 1731 972 1792 socius
1003 1729 1053 1790 bis
1076 1730 1211 1789 necatus
1236 1729 1260 1784 Z
1284 1728 1325 1787 63
1349 1728 1383 1786 61

110 1835 140 1888 Α
165 1832 239 1904 333,
271 1830 410 1891 16116666
433 1831 568 1892 tertium
593 1834 625 1889 11
646 1833 721 1907 694,
747 1832 797 1892 vel
821 1832 1063 1906 Paphlagonum
1087 1845 1145 1890 rex
1167 1828 1381 1902 Pylaemenes

108 1934 181 2005 post
213 1931 337 1991 obitum
369 1932 484 2006 lugens
514 1932 572 1993 tilii
603 1936 741 1993 mortem
773 1934 818 2004 (N
840 1935 903 1993 658
935 1933 1006 1994 coll.
1041 1935 1068 1990 Ε
1092 1934 1176 2002 616).
1205 1931 1328 2007 Qualia,
1353 1929 1381 1989 si

108 2032 174 2091 alia
203 2036 397 2105 argumenta
428 2048 490 2093 non
517 2034 716 2109 accederent,
740 2035 836 2094 unius
860 2036 974 2109 poetae
997 2033 1220 2109 neglegentiae
1243 2033 1382 2092 fortasse

108 2137 242 2208 possent
265 2134 415 2209 attribui;
440 2136 674 2209 Aristophanes
697 2136 875 2210 Byzantius
899 2150 1031 2195 versum
1054 2137 1088 2195 Ν
1111 2138 1174 2196 666
1198 2136 1231 2195 61
1250 2148 1382 2206 sequen·

107 2239 177 2294 tem
201 2237 328 2309 spurios
351 2237 512 2311 censebat,
538 2237 725 2297 Aristarcho
747 2239 842 2310 poeta
865 2238 903 2298 de
928 2237 1052 2297 duobus
1076 2237 1154 2296 viris
1175 2216 1383 2308 homonymis

109 2335 238 2397 locutus
270 2353 342 2398 esse
369 2338 546 2412 videbatur,
571 2353 669 2410 quam
694 2339 731 2398 ut
753 2339 915 2398 tutaretur
937 2338 1157 2397 coniecturam
1180 2337 1303 2411 passim
1327 2350 1383 2409 per

110 2438 289 2500 Homerum
323 2440 551 2514 homonymias
583 2441 728 2501 enotavit
749 2438 779 2509 ¹).
812 2440 966 2500 Videatur
989 2441 1089 2500 etiam
1114 2440 1275 2514 Antiphus
1298 2439 1381 2498 Itha-

110 2543 216 2602 censis
248 2557 268 2601 a
299 2541 435 2616 Cyclope
466 2542 639 2603 devoratus
669 2542 689 2621 β
716 2544 754 2602 19
779 2543 835 2602 6611
859 2565 876 2621 ρ
901 2545 942 2603 68
966 2543 1051 2603 inter
1074 2543 1261 2601 ithacenses
1286 2539 1384 2599 verba

47 2646 52 2655 “
110 2643 243 2703 iaciens.

154 2847 303 2908 Priscum
333 2862 464 2908 carmen
492 2850 664 2923 postquam
688 2848 734 2908 sic
758 2848 798 2908 ad
823 2848 926 2907 multo
950 2848 1107 2908 maiorem
1131 2847 1292 2907 ambitum
1315 2860 1382 2919 per·

111 2949 210 3023 venit,
245 2949 338 3008 novis
368 2949 600 3009 additamentis
631 2950 750 3023 partim
779 2949 955 3010 maioribus
987 2949 1107 3023 partim
1131 2948 1310 3008 minoribus
1333 2949 1384 3016 est

111 3053 255 3125 auctum,
285 3065 422 3123 quorum
450 3051 604 3124 exiguum
632 3052 683 3110 est
701 3050 852 3124 pretium,
874 3050 984 3110 sinon
1006 3050 1176 3110 materiem
1196 3049 1383 3123 spectamus

113 3153 364 3226 mythologicam
406 3166 489 3226 quae
528 3153 560 3211 in
596 3152 637 3211 iis
672 3154 723 3211 est
757 3153 958 3227 coacervata,
993 3152 1049 3211 sed
1083 3153 1188 3211 artem
1223 3150 1382 3225 poeticam

112 3269 174 3327 qua
203 3256 281 3313 sunt
319 3253 492 3313 elaborata.
526 3252 761 3327 intempestiva
791 3253 824 3312 in
856 3252 1017 3326 plerisque
1052 3253 1185 3325 apparet
1219 3251 1381 3324 doctrina;

112 3357 153 3415 ibi
195 3359 306 3415 autem
338 3355 529 3429 praesertim
562 3356 775 3429 reperiuntur,
816 3355 870 3414 ubi
905 3353 1047 3427 loquitur
1082 3369 1182 3413 senex
1214 3353 1331 3412 Nestor
1350 3343 1404 3421 1.·

113 3456 203 3516 Alter
234 3473 333 3517 senex
366 3457 509 3517 Phoenix
539 3457 653 3517 eodem
686 3472 766 3516 aevo
790 3457 940 3516 invectus
963 3457 1014 3515 est
1037 3456 1069 3515 in
1093 3455 1210 3515 librum
1237 3456 1262 3530 1,
1286 3469 1384 3527 quem

111 3559 218 3632 ipsum
250 3559 331 3619 satis
366 3561 528 3619 recentem
560 3558 677 3618 habere
709 3558 868 3631 originem
900 3572 997 3632 supra
1028 3557 1180 3617 vidimus,
1216 3556 1384 3628 Nusquam

112 3662 222 3721 autem
265 3660 393 3720 facilius
432 3675 529 3734 quam
571 3660 604 3719 in
640 3659 695 3720 illo
736 3660 877 3733 episodio
909 3659 1051 3719 recentia
1081 3658 1120 3718 ab
1152 3656 1385 3729 antiquioribus

110 3763 235 3822 secerni
258 3764 405 3837 possunt,
430 3761 534 3821 cuivis
557 3761 645 3821 enim
668 3762 754 3821 viam
777 3763 939 3821 monstrat
960 3760 1183 3833 grammatica.
1205 3759 1288 3818 Nam
1308 3759 1386 3817 duos

112 3863 236 3935 legatos
271 3864 310 3924 ad
345 3862 504 3923 Achillem
537 3863 656 3922 missos
689 3878 761 3922 esse
794 3862 900 3922 verbis
932 3876 1014 3934 quae
1046 3862 1193 3934 redargui
1224 3861 1385 3931 nequeant

111 3964 194 4022 dixit
227 3968 323 4038 poeta
357 3965 409 4024 cui
443 3964 522 4023 haec
557 3965 662 4037 operis
697 3978 771 4038 pars
807 3964 940 4023 debetur
976 3979 1023 4023 vs.
1063 3963 1123 4022 182
1160 3977 1246 4034 sqq:
1273 3958 1321 4018 τὼ
1354 3954 1381 4017 d'

147 4194 165 4253 Ι]
184 4196 239 4242 Vid.
258 4196 336 4243 schol.
359 4202 379 4242 N
397 4199 444 4244 643
463 4201 489 4244 et
507 4201 539 4244 cf.
559 4200 717 4247 Aristonicus
735 4199 767 4243 ild
788 4203 807 4244 Β
827 4199 887 4245 837:
914 4203 925 4257 1)
943 4200 1012 4256 διπλῆ
1037 4200 1071 4242 ὅτι
1089 4199 1101 4242 ὁ
1118 4197 1198 4250 Ἄσιος
1216 4195 1282 4251 οὗτος
1300 4199 1385 4254 ὁμώνυ·

110 4280 154 4329 κός
176 4280 224 4320 ἔστι
241 4284 273 4337 τῷ
292 4284 330 4334 τῆς
348 4275 448 4335 Ἑκάβης
472 4277 563 4339 ἀδελφῷ
583 4277 622 4339 (li
637 4277 702 4339 ilo).
722 4282 856 4337 loqpcror‘no
873 4277 898 4322 ‹ii
917 4280 930 4324 ὁ
950 4281 1104 4339 Ἀρίσταρχος
1121 4277 1161 4330 τὰς
1181 4278 1312 4334 ὁμωνυμία·
1330 4276 1387 4338 πρὸς

110 4358 139 4401 ιὰ
161 4356 326 4412 Πυλαιμένουε.
349 4355 437 4412 Longe
460 4356 620 4415 ineptissime
645 4358 688 4403 alii
712 4358 737 4402 in
760 4369 860 4402 versum
881 4361 906 4401 Ν
921 4357 969 4402 653
991 4355 1023 4401 116
1042 4368 1088 4401 suo
1106 4356 1255 4402 inserebant
1271 4355 1385 4413 negatio·

111 4447 187 4483 nem:
205 4435 264 4488 und
280 4434 304 4479 δ’
326 4434 353 4479 οὔ
371 4451 412 4494 σφι
432 4435 506 4495 πατὴρ
525 4439 564 4481 nis.

144 4515 167 4572 ²¹)
185 4510 326 4558 videantur
351 4513 501 4571 praesertim
525 4513 617 4560 infiniti
641 4514 757 4561 Nestoris
780 4527 911 4560 sermones
934 4517 955 4558 A
974 4516 1084 4561 656-863
1104 4512 1183 4573 (certe
1202 4529 1237 4560 vs.
1257 4514 1386 4575 tii-itti),

108 4591 207 4651 quibus
225 4592 371 4639 retardatur
388 4592 523 4639 Patroclus
541 4592 573 4639 cd
591 4593 717 4640 Achillem
735 4593 818 4640 redire
837 4593 968 4639 festinans.
