3120 5124
758 387 798 444 24
1339 381 1368 450 [t
1393 381 1414 438 3

141 574 228 635 nullo
252 573 346 633 modo
369 573 514 646 possunt.
536 571 588 632 Sic
607 571 690 646 quod
710 572 863 631 Ludwich
882 571 982 631 Arist.
1003 573 1034 631 Il
1054 586 1084 645 p.
1106 572 1169 630 244
1190 585 1259 643 sqq.
1280 580 1415 627 summa

141 691 218 736 cura
251 675 496 750 demonstravit,
528 673 693 750 55555515,
718 689 800 747 5555
824 673 1004 735 molossum
1032 672 1185 748 efficiunt,
1210 668 1415 731 hexametris

140 778 188 836 ita
221 776 319 836 inseri
354 775 457 836 solere
488 777 525 835 55
554 774 697 835 mediam
728 774 889 849 syllabam
920 776 960 836 ab
983 776 1051 837 ictu
1074 790 1190 849 puram
1213 773 1355 846 servent,
1380 770 1415 830 id

143 893 256 938 verum
292 879 343 937 est
376 892 455 938 sane
486 878 519 937 et
550 879 663 937 notatu
695 877 780 937 haud
808 877 987 953 indignum,
1012 879 1069 938 sed
1092 875 1185 937 facile
1212 874 1346 949 apparet
1367 872 1416 932 rei

142 994 276 1039 causam
308 994 371 1039 non
402 978 434 1037 iu
459 979 607 1039 veterum
630 980 798 1052 poetarum
823 979 951 1052 iugenio
975 981 1032 1038 aut
1058 978 1199 1038 lubidine
1223 991 1296 1037 osse
1320 989 1416 1048 quae-

142 1081 286 1156 rendam,
322 1081 379 1141 sed
409 1080 456 1140 ita
487 1096 522 1140 se
554 1080 672 1140 habere
703 1080 786 1154 quod
810 1080 905 1141 aliter
928 1080 997 1141 fieri
1021 1080 1152 1140 omuino
1175 1094 1239 1139 non
1262 1076 1414 1152 potuerit.

144 1181 272 1242 Scilicet
303 1181 459 1242 55555515
489 1182 589 1242 trium
620 1181 790 1255 longarum
814 1182 1014 1256 syllabarum
1037 1182 1066 1241 51
1089 1182 1136 1240 155
1159 1181 1356 1241 collocantur
1377 1180 1417 1238 ut

143 1283 203 1343 sub
235 1283 302 1343 ictu
325 1283 391 1343 sint
414 1282 558 1357 syllabae
581 1283 687 1357 prima
710 1285 743 1343 et
766 1285 873 1358 tertia,
898 1284 1048 1343 omnibus
1075 1283 1256 1343 hexametri
1280 1281 1416 1356 pedibus

144 1387 222 1445 sunt
244 1387 336 1459 apta;
362 1386 395 1445 in
418 1385 561 1445 mediam
586 1401 661 1445 vero
685 1385 846 1459 syllabam
869 1386 954 1446 ictus
977 1385 1117 1446 incidere
1141 1384 1253 1458 nequit
1275 1383 1340 1443 nisi

188 1487 246 1546 aut
279 1487 449 1547 antecedat
482 1487 598 1547 vocula
628 1487 852 1560 monosyllaba
883 1502 1015 1547 versum
1047 1487 1204 1562 aperiens,
1233 1500 1260 1545 e.
1286 1500 1316 1558 g.
1345 1476 1412 1543 οὐδ’

144 1584 264 1665 ἔρρηξεν
283 1587 391 1666 χαλκόν
412 1590 524 1664 Γ348,
544 1588 657 1662 555155
677 1605 791 1649 555555
810 1604 925 1664 parum
944 1589 1029 1663 grati
1049 1589 1089 1649 ad
1105 1602 1201 1648 aures
1213 1585 1371 1648 accedunt
1383 1588 1415 1661 ¹),

189 1692 246 1750 aut
277 1693 431 1764 sequatur
454 1691 608 1752 diaeresis
633 1691 786 1767 bucolica,
807 1708 834 1752 5.
856 1706 886 1765 g.
908 1690 1029 1774 Ἀλθαίῃ
1049 1689 1196 1769 χωόμενος
1218 1696 1275 1766 κῆρ
1300 1690 1318 1747 1
1341 1689 1414 1762 555,

146 1807 208 1865 555
239 1794 350 1853 tamen
373 1793 555 1853 hexametri
579 1793 648 1854 loco
672 1794 821 1868 dactylus
844 1795 895 1854 est
924 1794 1018 1868 longe
1041 1793 1196 1867 longeque
1219 1790 1416 1875 frequentior

146 1910 243 1967 quam
268 1897 429 1968 spondeus
452 1897 502 1961 ici.
527 1911 624 1971 supra
646 1911 718 1970 pag.
746 1897 807 1971 15),

191 2001 247 2056 555
281 2013 344 2057 vox
375 1998 504 2058 claudat
534 2013 676 2073 versum,
701 2013 728 2057 e.
753 2013 782 2071 g.
806 1994 903 2076 γενεαὶ
931 1995 1068 2076 μερόπων
1092 1994 1264 2075 ἀνθρώπων
1287 1999 1316 2053 Α
1340 1995 1413 2069 250,

147 2097 259 2171 555155
282 2100 364 2159 55515
387 2100 451 2159 5551
474 2101 551 2158 5555
574 2115 690 2160 555555
713 2099 877 2173 spondiaci
900 2099 974 2170 (yid.
999 2114 1096 2174 supra
1118 2113 1190 2172 pag.
1214 2100 1255 2167 6).

166 2242 172 2252 .
192 2201 305 2273 Itaque
329 2216 381 2260 555
403 2216 440 2260 55
463 2201 546 2261 55515
569 2203 606 2260 55
624 2203 738 2275 poetae
759 2201 838 2274 epici
861 2216 956 2260 voces
975 2201 1167 2260 molossicas
1191 2199 1304 2259 eadem
1324 2198 1413 2258 liber·

147 2303 215 2361 tate
250 2304 346 2376 atque
381 2302 463 2362 alias
494 2303 654 2376 quaslibet
684 2303 888 2363 adhibuerint
919 2303 1107 2376 cunctisque
1131 2300 1314 2362 hexametri
1337 2299 1415 2360 locis

147 2402 374 2464 collocaverint
396 2404 450 2463 ubi
474 2403 623 2464 collocari
645 2406 803 2478 poterant.

191 2505 281 2565 Idem
313 2505 401 2565 valet
423 2506 462 2565 de
487 2506 651 2566 vocabulis
674 2506 866 2581 dispondeis,
891 2521 1028 2578 quorum
1055 2506 1195 2580 primam
1220 2505 1414 2577 tertiamque

147 2606 291 2680 syllabas
321 2608 422 2667 ictum
454 2608 627 2668 metricum
659 2623 769 2670 amare
793 2624 856 2668 555
881 2610 931 2668 555
954 2623 1011 2668 555
1034 2609 1231 2682 statuamus,
1255 2605 1331 2666 licet
1353 2604 1413 2679 ple·

147 2723 284 2781 rumque
315 2709 382 2768 ictu
411 2708 654 2782 percutiantur(
673 2711 796 2786 Nempe
829 2726 892 2770 vox
923 2710 1097 2784 dispondea
1128 2709 1318 2770 hexametro
1353 2721 1414 2767 nou

147 2810 299 2883 recipitur
321 2810 384 2869 5151

192 2914 250 2971 555
284 2927 415 2972 versum
449 2914 582 2989 aperiat,
617 2929 644 2974 e.
673 2930 703 2988 g.
740 2911 896 2991 ἠπείλησεν
930 2918 1032 2991 μῦθον
1068 2916 1097 2971 Α
1132 2914 1206 2988 388,
1242 2911 1299 2972 555
1333 2909 1416 2969 55155

148 3014 273 3072 numeri
297 3014 354 3073 vix
377 3017 454 3074 sunt
477 3014 598 3074 ferendi
623 3014 672 3085 (51.
698 3037 716 3072 ν
742 3016 826 3091 127),

192 3118 249 3175 555
271 3118 344 3188 post
366 3117 627 3191 monosyllabum
651 3116 825 3178 collocetur
847 3118 880 3178 15
906 3133 1020 3178 555555
1043 3118 1188 3193 15555155,
1214 3133 1241 3177 5.
1267 3130 1297 3189 g.
1323 3105 1415 3191 dfqb'

148 3213 350 3294 ἀνσχήσεσθαι
372 3219 401 3275 Ε
428 3220 499 3295 104,

192 3321 249 3379 555
271 3319 441 3394 praecedat
465 3335 634 3380 caesuram
654 3321 967 3396 semiseptenariam,
989 3322 1169 3382 cuiusmodi
1189 3322 1301 3381 tamen
1322 3319 1416 3378 hexa-

149 3422 246 3482 metri
269 3421 302 3480 in
325 3421 508 3482 Homericis
532 3422 735 3495 reperiuntur
758 3423 840 3482 nulli
864 3418 896 3495 ²),

193 3525 250 3584 aut
262 3526 417 3596 sequatur
428 3539 598 3584 caesuram
611 3525 887 3600 semiquinariern‚
901 3540 971 3599 eg.
986 3521 1154 3602 ἀλλήλοισιν
1166 3520 1298 3584 κοτέοντε
1309 3525 1416 3598 Γ345,

193 3627 251 3686 555
274 3640 405 3684 versum
430 3626 568 3700 claudat,
594 3642 621 3686 e.
646 3642 674 3699 g.
699 3623 839 3703 ἠτίμασεν
862 3623 995 3704 ἀρητῆρα
1019 3630 1048 3685 A
1073 3629 1123 3687 11.

149 3727 250 3787 Locos
268 3732 390 3800 autem,
412 3727 465 3786 ubi
485 3728 626 3788 secunda
647 3730 680 3788 et
699 3730 815 3801 quarta
830 3729 1016 3789 huiusmodi
1029 3710 1259 3789 vocabulorum
1272 3727 1417 3802 syllabae

150 3830 251 3889 ictum
271 3829 400 3903 habent,
422 3831 625 3889 enumeravit
646 3830 798 3890 Ludwich
819 3830 838 3890 l.
853 3830 872 3890 l.
895 3846 923 3904 p.
944 3831 1104 3905 250555.;
1126 3831 1243 3903 551555
1263 3829 1418 3905 inspectis

150 3933 283 4005 apparet
301 3931 380 3990 haec
400 3946 525 4003 555555
539 3932 703 4007 55555515,
724 3933 854 4007 perinde
867 3934 964 4006 atque
977 3933 1160 4009 molossica‚
1175 3932 1307 4005 reperiri
1319 3931 1417 3992 omni·

149 4033 210 4092 bus
230 4032 412 4092 hexametri
432 4032 562 4093 sedibus
582 4033 699 4106 quibus
719 4033 869 4094 collocari
886 4049 925 4093 ea
944 4034 1095 4094 sinebant
1111 4048 1268 4094 versuum
1280 4032 1417 4093 numeri.

184 4224 317 4292 1)1155555
341 4229 377 4274 ita
400 4228 551 4275 conformati
574 4230 675 4275 nonnisi
698 4230 768 4277 51555
786 4231 850 4276 15515
866 4230 1042 4290 reperiuntur:
1061 4235 1085 4277 Γ
1100 4232 1148 4278 348
1166 4231 1209 4289 (--
1227 4235 1254 4276 H
1273 4230 1321 4277 252
1340 4229 1418 4287 Ρ14)

150 4310 171 4352 Δ
194 4309 239 4355 181
259 4303 291 4369 (i)
311 4314 335 4354 15
350 4309 400 4355 424
418 4314 439 4355 Σ
455 4309 501 4355 851
520 4327 537 4369 φ
557 4304 663 4372 12251)

182 4385 204 4442 ²)
222 4387 285 4435 Nam
304 4393 327 4434 B
344 4390 391 4435 653
410 4392 431 4434 Ε
447 4389 494 4434 628
512 4388 541 4436 Ξ
555 4388 602 4435 807
621 4402 671 4434 non
693 4389 931 4436 55555555555515
948 4403 1008 4437 rere
1028 4389 1341 4455 (115555555Ὴρ55151δρς,
1359 4389 1418 4450 -dyn

150 4471 310 4530 πρυμνωριίῃῖ
328 4492 360 4501 -
377 4468 478 4527 legatur
493 4469 570 4528 ·ridq;‚
588 4469 669 4525 515155,
687 4471 737 4532 -515,

667 4614 908 4624 ...η-
