3120 5124
678 421 738 468 XIX

66 597 139 670 quis
170 598 280 670 neget.
311 596 366 657 Sin
398 597 507 657 Iliadis
540 596 766 671 Odysseaeque
789 599 884 671 poeta
907 598 967 657 hoc
991 597 1120 657 nomine
1144 597 1340 675 designatur,

67 699 124 757 vix
147 699 322 770 quisquam
347 701 398 758 est
420 702 530 759 nostro
553 703 698 773 tempore
721 699 797 772 quin
822 713 1035 772 responsurus
1057 700 1102 758 sit
1121 701 1222 760 talem
1242 702 1341 762 homi·

68 815 145 860 nem
181 813 348 872 nunquam
383 800 543 876 extitisse,
578 815 653 860 nam
689 814 786 874 opera
815 800 872 858 illa
902 815 966 859 non
998 801 1095 860 unius
1126 817 1198 862 esse
1229 806 1343 877 poetae

69 917 175 975 neque
197 903 295 961 unius
319 903 447 963 aetatis.
639 978 641 983 Δ
1096 897 1097 900 ’

115 1003 204 1078 Quae
224 1004 328 1078 opinio
347 1005 472 1064 sensim
491 1004 525 1063 et
543 1003 741 1077 pedetentim
761 1003 794 1061 in
815 1002 983 1062 hominum
1006 1007 1135 1064 mentes
1154 1021 1190 1066 se
1202 1007 1342 1067 insinua·

71 1107 129 1165 vit.
154 1105 239 1164 Nam
262 1120 337 1166 cum
360 1106 407 1165 ΙΙο
427 1109 503 1166 6616
528 1104 691 1165 christum
717 1103 846 1164 saeculo
866 1104 1005 1164 fuissent
1025 1108 1229 1178 grammatici
1251 1109 1344 1170 Xeno

71 1212 104 1267 et
135 1207 334 1281 Hellanicus,
364 1208 419 1280 qui
451 1207 631 1280 odysseam
663 1221 726 1265 non
759 1204 864 1265 eidem
897 1206 1021 1266 auctori
1045 1207 1223 1270 tribuerent
1246 1214 1343 1285 atque

71 1308 218 1383 iliadem,
249 1308 418 1386 χωρίζοντες
449 1308 519 1368 ideo
547 1308 634 1382 dicti,
662 1322 740 1367 mox
764 1307 803 1366 ab
827 1307 1015 1367 Aristarcho
1040 1309 1170 1382 repulsa
1191 1312 1242 1370 661
1265 1313 1344 1373 haec

72 1410 257 1470 coniectura
289 1413 309 1479 ¹)
344 1412 378 1469 et
411 1424 467 1483 per
498 1409 603 1469 multa
634 1409 764 1468 saecula
798 1408 898 1467 veluti
931 1409 1058 1482 sepulta
1089 1410 1197 1486 iacuit,
1229 1413 1276 1473 ita
1310 1417 1346 1474 ut

71 1509 276 1587 ἀναμφίλεκτα
295 1512 427 1572 Homeri
448 1527 544 1587 opera
563 1512 647 1585 apud
660 1512 793 1571 Suidam
804 1511 866 1570 dici
880 1512 1041 1583 potuerint
1053 1512 1131 1571 Ilias
1144 1513 1177 1571 et
1189 1513 1343 1586 Odyssea.
1372 1516 1396 1560 V

71 1613 209 1674 Saeculo
228 1613 361 1674 demum
381 1614 528 1687 proximo
547 1614 685 1672 eundem
706 1627 837 1671 cursum
859 1613 1033 1670 tenuerunt
1045 1613 1107 1672 duo
1125 1614 1193 1686 viri,
1207 1630 1343 1687 quorum

71 1715 166 1790 alter,
191 1713 421 1775 aiambamsla
444 1714 521 1774 vico
545 1713 776 1788 neapolitanus
790 1713 1030 1781 (6166-66141
1051 1718 1084 1787 6,
1105 1700 1144 1774 ah
1167 1717 1345 1776 multorum

72 1816 225 1877 notitiam
245 1831 309 1877 non
328 1816 484 1892 pervenit,
505 1815 588 1875 alter
607 1814 640 1874 ll.
658 1815 696 1873 A.
712 1812 801 1872 Wolf
817 1813 849 1871 16
871 1814 1017 1872 omnium
1040 1815 1105 1873 iam
1119 1831 1173 1874 ore
1187 1821 1345 1892 versatur,

73 1918 253 1978 immortali
283 1918 370 1978 enim
402 1932 497 1991 opere
528 1914 768 1988 Prolegomenis
800 1914 840 1972 ad
873 1914 1051 1974 Homerum
1086 1917 1170 1976 1795
1198 1918 1290 1979 docte
1315 1925 1347 1980 et

73 2018 242 2092 eleganter
271 2018 507 2079 demonstravit
536 2033 639 2090 neque
669 2016 805 2076 Iliadem
836 2031 939 2088 neque
972 2016 1151 2090 odysseam
1176 2022 1281 2081 totam
1307 2023 1347 2081 ab

74 2134 140 2180 uno
175 2122 306 2181 homine
339 2135 412 2181 esse
442 2120 666 2194 compositam.
699 2118 739 2176 Et
769 2131 967 2190 quamquam
998 2123 1199 2195 argumenta,
1231 2124 1348 2194 quibus

76 2221 257 2294 plurimum
288 2222 401 2282 tribuit
432 2220 527 2290 Wolf,
558 2236 622 2280 non
653 2221 699 2279 ita
730 2218 825 2278 firma
855 2233 927 2278 esse
954 2220 1123 2292 postmodo
1146 2223 1348 2285 intellectum

76 2332 138 2401 est,
170 2340 234 2385 non
265 2327 375 2384 tamen
401 2323 538 2383 concidit
561 2323 631 2381 eius
655 2321 903 2395 argumentatio,
927 2320 984 2379 sed
1008 2324 1120 2382 manet
1143 2326 1349 2399 manebitque

75 2431 108 2490 id
132 2428 218 2502 quod
242 2427 313 2487 eins
336 2439 467 2485 summa
489 2425 556 2484 est:
582 2437 602 2482 a
625 2436 721 2482 caeca
744 2422 899 2480 nimirum
919 2421 1131 2483 admiratione
1152 2425 1191 2484 ad
1211 2425 1348 2486 liberum

76 2531 234 2591 indicium
268 2528 418 2588 avocavit
451 2526 599 2586 homines
635 2524 858 2598 permovitque
890 2525 926 2582 61
958 2537 1073 2582 666666
1103 2526 1209 2598 661166
1241 2530 1348 2601 anqui-

75 2635 187 2693 rerent
209 2644 293 2704 quae
315 2629 490 2689 effecerunt
514 2629 550 2685 ut
573 2627 747 2696 utrumque
767 2639 847 2697 opus
866 2627 936 2682 tam
956 2623 1070 2683 multis
1089 2626 1168 2686 locis
1189 2629 1239 2686 sui
1260 2631 1348 2689 dissi·

77 2734 157 2794 mile
188 2733 232 2791 sit
263 2733 296 2790 et
322 2744 434 2790 secum
457 2730 587 2801 pugnet,
610 2740 706 2798 quam
733 2727 769 2783 ut
791 2738 911 2783 naevos
936 2726 969 2784 et
990 2731 1121 2785 suturas
1146 2728 1217 2787 fuco
1244 2732 1348 2791 verbo·

77 2851 152 2895 rum
176 2832 416 2907 splendidorum
442 2829 581 2888 oblinere
605 2827 783 2885 studerent.

123 2936 203 2995 Post
229 2931 380 2993 Wolflum
405 2932 515 2990 antem
540 2929 579 2987 ad
605 2930 733 2986 nostros
758 2941 859 2998 usque
880 2927 948 2986 dies
968 2931 1046 3000 quot
1066 2931 1233 2991 extiterint
1255 2934 1349 3006 pbilo-

77 3036 142 3109 logi
174 3035 230 3107 qui
253 3035 328 3093 huic
350 3033 419 3092 loco
444 3045 522 3091 suae
545 3030 626 3089 artis
649 3043 779 3102 operam
804 3029 1035 3103 impenderent,
1060 3031 1091 3088 id
1115 3046 1264 3093 enarrare
1287 3051 1350 3094 non

80 3142 131 3198 est
164 3139 313 3197 nostmm
334 3134 366 3209 ²),
398 3135 536 3194 necdum
569 3131 736 3190 Homerica
765 3130 822 3190 illa
852 3131 995 3205 66666116,
1027 3134 1064 3189 61
1094 3133 1155 3191 dici
1187 3137 1279 3210 solet,
1311 3137 1350 3196 ad

80 3240 180 3299 linem
208 3240 259 3298 est
284 3236 445 3311 perducta.
471 3236 576 3294 Immo
601 3248 764 3304 nunquam
787 3233 995 3305 perducetur;
1020 3248 1096 3291 nam
1121 3234 1159 3293 de
1186 3239 1350 3296 sexcentis

79 3342 177 3401 rebus
210 3339 341 3398 maioris
373 3337 548 3396 minorisve
580 3335 736 3393 momenti
782 3348 864 3405 quae
888 3334 949 3391 huc
972 3335 1142 3409 pertinent,
1168 3337 1199 3394 in
1223 3339 1351 3398 diversa

79 3445 245 3517 disputare
278 3441 362 3513 11661,
394 3440 543 3512 quoniam
577 3438 656 3496 certi
683 3437 762 3495 nibil
787 3436 825 3494 de
848 3436 889 3494 116
913 3436 1015 3494 edocti
1039 3452 1154 3495 sumus
1178 3443 1350 3512 nostroque

114 3709 135 3776 ¹)
152 3711 318 3759 Aristarchus
336 3711 439 3770 scripsit
455 3709 659 3757 dissertationem
679 3709 736 3770 apd:
753 3710 778 3754 τὸ
796 3710 901 3761 Eburum
919 3706 1057 3771 παράδοξον,
1076 3708 1154 3753 schol.
1175 3711 1204 3753 lli
1220 3709 1276 3754 4³5.

112 3790 135 3855 ¹)
155 3789 270 3850 Principj
297 3790 324 3835 di
349 3790 449 3836 6616666
472 3802 564 3845 66666,
588 3788 628 3835 sd.
653 3793 682 3834 2⁸
704 3789 775 3838 1130,
795 3814 826 3821 -
846 3786 992 3834 1666166661
1015 3788 1129 3844 Bentley,
1150 3788 1193 3845 qni
1211 3789 1350 3833 Homerum

79 3885 106 3918 se
125 3869 211 3917 indice
229 3870 319 3916 brevis
336 3872 433 3915 tantum
452 3869 676 3915 666661661661666
694 3863 720 3929 (6
737 3868 826 3926 sequel
845 3868 874 3913 ol
889 3881 966 3924 songe
989 3866 1039 3911 and
1062 3866 1220 3926 rhapsodias,
1232 3868 1351 3915 ...loose

78 3948 177 4011 66666),
204 3950 270 3996 haec
296 3952 382 3995 sutem
406 3949 518 4007 quinque
542 3948 646 3993 demum
669 3947 802 4006 66616166
824 3950 933 3993 mortem
952 3947 1062 3993 saeculis
1080 3946 1262 4005 praeterlapsis
1280 3947 1351 3992 colli-

78 4035 139 4089 gals
156 4030 226 4076 6116
243 4029 312 4088 epici
328 4028 454 4088 poematis
473 4029 580 4074 formam
598 4027 702 4074 redacta
725 4039 790 4087 esse,
809 4028 898 4086 666616
918 4026 963 4072 sed
988 4026 1084 4084 apertis
1097 4025 1181 4071 verbis
1199 4026 1353 4084 significavit

78 4111 104 4156 16
130 4123 212 4170 66666
238 4107 363 4155 1166166116
387 4120 455 4166 6666
479 4120 493 4152 ιι
516 4106 568 4152 lete
591 4107 730 4153 Discourse
751 4106 780 4152 61
801 4103 863 4151 Free
877 4105 994 4164 thinking
1015 4106 1048 4161 by
1068 4105 1274 4151 Phileleutherus
1291 4107 1350 4166 Lip-

78 4190 179 4245 6166616,
206 4188 280 4235 1113.
300 4211 324 4220 -
354 4186 436 4232 Etiam
459 4187 485 4232 in
502 4185 568 4232 libro
591 4185 695 4232 Roberti
714 4184 792 4232 Wood
810 4198 841 4231 66
860 4197 933 4243 eseay
951 4198 983 4230 on
1002 4184 1045 4230 the
1068 4185 1175 4241 original
1194 4185 1284 4242 genius
1303 4186 1352 4231 and

77 4270 192 4327 ιιι-111636
212 4267 243 4313 61
259 4265 364 4320 Homer,
381 4265 461 4312 Lond.
482 4266 554 4323 1769,
573 4265 662 4324 ,61666
683 4267 743 4311 6661
761 4264 824 4310 66116
842 4267 868 4309 61
886 4264 988 4322 egregie
1006 4261 1207 4318 animadversa'',
1224 4272 1254 4310 61
1272 4262 1352 4311 Wolfli

77 4348 175 4407 Proleg.
196 4360 223 4406 p.
243 4346 278 4391 40
295 4343 381 4390 verbis
397 4346 462 4390 6166.

106 4423 128 4491 ¹)
146 4424 258 4474 consuli
286 4427 392 4481 possunt
413 4422 555 4469 Volkmann
579 4423 734 4471 Geschichte
757 4423 810 4469 und
832 4420 913 4469 Kritilr
938 4422 983 4468 der
1005 4422 1149 4468 Woisechen
1170 4422 1352 4481 Prolegomena

74 4521 105 4556 m
122 4509 232 4561 Homer,
251 4503 325 4562 Lips.
348 4502 424 4560 talu
442 4503 471 4548 R.
490 4501 517 4547 0.
536 4502 603 4549 Jebb
622 4502 725 4562 Homer,
743 4501 861 4560 Glasgow
882 4502 955 4556 1881,
972 4501 1084 4559 Chapter
1101 4501 1134 4546 lV
1152 4497 1353 4563 („theHorneric

74 4581 237 4648 question”).
