3120 5124
746 377 807 436 152

364 562 430 638 δέξο
454 562 529 638 ἅναξ
552 564 697 644 Κρονίδα,
721 566 780 623 Ζεῦ
800 557 950 640 Ὀλύμπιε,
971 560 1062 623 καλὸν
1085 559 1202 642 &lyciae

409 666 481 752 ίλοίῳ
504 671 594 750 θυμῷ
618 671 677 737 τοῖς
701 665 961 742 Λακεδαιμονίοις.

143 771 303 832 Haeccine
341 770 529 845 scripserint
563 767 807 829 Lacedaemonii
843 783 921 828 suae
956 768 1099 842 ipsorum
1134 766 1264 840 linguae
1298 766 1412 827 obliti?

142 873 269 933 hiatum
290 867 355 943 δέξο
376 867 450 943 ἅναξ
470 870 661 932 admiserint
683 871 734 945 „in
756 869 895 930 formula
915 885 932 929 e
954 871 1131 930 vetustiore
1151 868 1240 944 poesi
1252 868 1411 943 decumis,

143 990 201 1034 cur
237 975 284 1035 ita
324 973 467 1034 dicerent
500 971 562 1046 ipsi
595 987 659 1032 non
694 970 969 1044 intellegentem?
1006 970 1038 1030 Si
1071 969 1205 1031 Homeri
1235 968 1268 1028 bi
1300 984 1414 1029 versus

143 1078 263 1151 essent,
286 1076 333 1135 ita
355 1075 483 1135 credere
503 1089 562 1134 nos
583 1073 731 1133 iuberent
751 1072 811 1132 viri
829 1072 924 1148 docti,
945 1087 1082 1145 quorum
1104 1071 1286 1146 opinionem
1307 1070 1412 1132 verbis

145 1177 257 1237 Gaueri
279 1192 377 1251 supra
400 1177 637 1252 expressimus:
661 1190 747 1235 nunc
770 1190 833 1235 non
857 1177 908 1234 est
933 1175 1109 1234 verendum
1133 1188 1174 1233 ne
1193 1172 1267 1246 quis
1286 1172 1334 1232 ita
1354 1172 1412 1233 sibi

124 1280 344 1355 persuadeat,
380 1295 457 1340 narn
498 1279 537 1339 ad
571 1278 750 1338 socordiam
785 1277 854 1336 sive
890 1277 1070 1336 Pausaniae
1104 1275 1175 1336 sive
1208 1273 1413 1334 librariorum

143 1382 372 1442 confutandam
395 1382 456 1455 ipsi
481 1381 547 1440 iarn
571 1379 693 1452 lapides
717 1381 997 1439 consurrexerunt.
1024 1377 1192 1452 Olympiae
1215 1391 1299 1436 anuo
1328 1374 1410 1435 1876

142 1483 275 1543 inventa
298 1485 349 1543 ost
370 1484 449 1543 haec
473 1484 592 1557 statua,
617 1483 766 1555 superest
788 1481 905 1540 titulus
924 1478 1045 1540 saeculi
1069 1475 1122 1537 vp
1143 1493 1247 1553 paene
1270 1477 1410 1550 integer:

144 1583 219 1656 quid
241 1582 382 1657 legitur?

144 1733 150 1746 .
164 1733 170 1745 .
185 1732 190 1745 .
206 1687 321 1745 OFAN
330 1731 336 1743 .
350 1732 355 1744 .
369 1688 574 1746 KPONIAA.
589 1676 1358 1745 ETOAYMHIEKAAONATAAMAHIAEFO
1369 1723 1376 1737 .
1389 1722 1410 1736 ..

189 1787 720 1862 ΜΟΙΤΟΙΛΑΚΕΔΑΙΜΟΝΙΟ.,

145 1890 176 1950 id
199 1892 266 1951 est:

301 1988 391 2063 [δέξΙο
413 1990 535 2062 δάν[αξ]
562 1989 706 2068 Κρονίδα,
731 1992 815 2060 [ΖῙεῦ
834 1982 984 2065 Ὀλύμπιε,
1005 1985 1097 2047 καλὸν
1121 1983 1249 2067 ἄγαλμα,

342 2090 501 2169 ίληίὼ[ς”ί]
529 2091 637 2175 [deflare
661 2101 699 2173 τῷ
719 2084 1008 2166 ΙΛαοεδαιμονίω[ν].

143 2193 213 2253 Vid.
238 2195 339 2255 Roehl
362 2195 445 2255 IGA.
472 2196 512 2254 75
537 2196 570 2254 et
593 2193 674 2270 add,
699 2191 813 2252 Kaibel
837 2191 942 2265 Epigr.
969 2193 1042 2267 743,
1069 2190 1206 2251 Roboris
1229 2188 1411 2265 Epigraphy

142 2311 173 2374 p.
199 2296 272 2356 262.

188 2498 321 2559 Constat
352 2499 450 2573 igitur
481 2515 522 2560 ex
553 2499 604 2557 his
636 2512 716 2571 quos
749 2497 922 2557 attulimus
953 2497 1113 2557 erroribus
1139 2495 1319 2568 multisque
1341 2493 1413 2554 aliis

143 2600 287 2660 eiusdem
323 2601 459 2676 generis,
492 2601 658 2673 digamma
687 2613 707 2657 a
733 2597 873 2658 librariis
905 2598 961 2657 vix
992 2613 1129 2671 usquam
1155 2597 1317 2657 intactum
1342 2610 1413 2656 esse

143 2703 319 2761 servatum.
344 2703 457 2774 Itaque
482 2716 544 2761 non
567 2701 599 2760 id
623 2700 743 2759 mirum
764 2702 815 2760 est
838 2699 920 2772 quod
942 2699 1042 2760 etiarn
1063 2716 1104 2760 ex
1125 2699 1298 2761 Homerico
1318 2701 1412 2760 textu

143 2803 285 2877 evanuit,
310 2804 366 2863 sed
390 2803 473 2875 quod
496 2803 592 2862 citius
616 2816 657 2887 ex
680 2801 746 2861 illis
766 2802 964 2862 carminibus
988 2817 1085 2876 quam
1107 2817 1148 2862 ex
1169 2802 1242 2863 aliis
1262 2803 1412 2863 veterum

142 2904 290 2978 operibus
313 2905 485 2964 evanuisse
509 2905 646 2964 videtur.

187 3005 343 3081 Quidquid
378 3007 408 3066 id
444 3009 559 3066 est-
584 3021 661 3066 nam
703 3021 817 3079 parum
860 3007 990 3080 prodest
1026 3007 1193 3067 immorari
1229 3004 1414 3079 quaestioni

142 3123 224 3182 quae
258 3109 297 3168 ad
329 3109 453 3168 exitum
481 3107 611 3182 perduci
646 3109 785 3180 nequeat
819 3140 858 3150 -
882 3107 1093 3168 Alexandrini
1124 3107 1333 3182 grammatici
1365 3106 1413 3165 lit·

142 3212 247 3271 teram
270 3211 435 3284 digamma
458 3211 491 3269 in
515 3210 655 3269 Homero
680 3223 743 3268 non
767 3210 977 3286 reperiebant,
1003 3225 1106 3283 neque
1129 3208 1228 3283 igitur
1250 3209 1284 3268 in
1304 3223 1414 3269 exem·

142 3312 223 3386 plari
257 3312 444 3372 Antimachi
481 3310 674 3385 Colophonii,
718 3310 772 3382 qui
811 3311 954 3371 Platonis
990 3314 1059 3372 erat
1098 3310 1253 3385 aequalis
1297 3310 1414 3370 aliisve

143 3413 233 3473 libris
268 3414 416 3488 vetustis,
460 3428 539 3486 quos
581 3413 621 3472 ad
663 3414 792 3471 textum
827 3413 1089 3474 constituendum
1124 3412 1172 3473 illi
1206 3411 1413 3489 adhibebant,

144 3516 214 3574 erat
246 3516 390 3574 exarata.

188 3615 249 3675 Sed
283 3616 369 3675 aliud
404 3617 454 3675 est
489 3631 605 3674 sonum
636 3615 746 3675 littera
777 3630 841 3675 non
876 3616 1026 3691 indicare,
1059 3615 1156 3691 aliud¹
1178 3630 1241 3676 non
1272 3614 1416 3689 proferre

144 3732 231 3777 voce.
267 3717 353 3775 Nihil
388 3717 496 3776 obstat
531 3717 705 3788 quominus
737 3731 930 3776 censeamus
961 3717 1082 3778 vixisse
1113 3717 1259 3778 Ionicum
1289 3732 1353 3777 vau
1381 3717 1415 3776 iu

142 3818 338 3878 carminibus
373 3819 554 3878 Homericis
588 3819 643 3877 diu
673 3820 845 3892 postquam
880 3835 921 3878 ex
953 3820 1068 3880 Ionum
1100 3819 1326 3879 Atticorumve
1350 3833 1413 3878 ser·

143 3933 238 3979 mone
269 3920 454 3992 quotidiano
484 3920 687 3994 evanuisset;
720 3920 842 3980 vixisse
866 3921 1021 3992 quamdiu
1044 3922 1077 3980 in
1102 3921 1336 3996 rhapsodorum
1360 3936 1415 3981 ore

143 4022 213 4095 ipsa
247 4021 391 4081 carmina
421 4021 511 4095 epica
543 4021 698 4081 viverent.
733 4020 829 4080 Nulla
858 4024 909 4082 est
941 4037 1039 4082 causa
1071 4038 1127 4082 cur
1158 4038 1316 4096 negemus
1340 4021 1415 4082 illos

144 4124 231 4183 viros
260 4125 414 4184 recitasse
446 4122 589 4200 Ἀτρείδης
620 4144 649 4181 τε
683 4121 780 4193 favo}
816 4119 936 4197 ἀνδρῶν
972 4126 1005 4182 et
1036 4121 1169 4182 ἕδίεισεν
1205 4117 1233 4182 δ’
1262 4119 1277 4182 δ
1309 4120 1417 4202 γέρων,

142 4225 271 4284 etiarnsi
305 4226 339 4284 in
374 4225 523 4284 omuibus
558 4223 668 4283 iliadis
700 4223 939 4297 exemplaribus
971 4227 1048 4284 tunc
1081 4228 1117 4285 ut
1148 4225 1241 4285 hodie
1273 4221 1349 4298 ἅναξ
1381 4228 1415 4286 et

142 4323 251 4384 ἔδεισεν
282 4326 401 4386 fuerint
432 4328 574 4385 exarata.
604 4325 686 4384 Nam
714 4324 778 4384 tale
801 4327 1031 4399 pronunciandi
1056 4327 1230 4387 artificium
1254 4329 1288 4387 et
1311 4326 1414 4387 veluti

143 4442 296 4487 arcanum
320 4444 361 4487 ex
384 4427 446 4487 alio
471 4429 641 4487 cantorum
660 4442 776 4499 genere
801 4428 840 4486 ad
864 4427 951 4487 aliud
976 4444 1051 4488 curn
1075 4429 1146 4502 ipsa
1165 4428 1323 4489 recitandi
1343 4428 1413 4488 arte

143 4529 310 4604 propagari
332 4530 467 4603 poterat.
488 4530 599 4588 ionem
621 4528 760 4604 exempli
780 4528 894 4605 gratia,
920 4546 959 4590 ne
983 4531 1022 4590 de
1045 4529 1282 4605 antiquioribus
1304 4529 1413 4605 loqua-
