3120 5124
765 388 807 444 eo
858 415 860 418 Δ
1324 384 1352 455 [t
1378 386 1416 445 13

191 575 363 632 Artissime
399 575 534 645 denique
566 573 737 631 metathesis
769 588 851 644 quae
883 573 1012 632 nomine
1045 572 1153 631 minus
1184 574 1260 646 apto
1284 573 1417 632 vocatur

147 676 221 745 (vid.
253 676 271 744 s
302 678 354 744 35)
387 691 461 734 cum
496 676 592 734 rebus
623 690 704 746 (quas
735 675 905 746 tetigimus
936 675 1093 733 cohaeret.
1127 674 1178 733 Sic
1201 674 1234 732 iu
1259 674 1417 734 adiectivo

146 776 267 835 verbali
291 775 395 854 βροτός
419 776 508 836 nulla
532 778 582 836 est
606 777 727 836 vocalis
751 778 918 836 cuiusdam
944 777 1162 850 transpositio,
1187 776 1244 835 sed
1263 793 1417 852 syncopen

146 877 254 951 potius
288 893 385 952 passa
419 881 469 937 est
500 878 592 937 radix
623 898 685 955 μερ,
716 877 752 936 nt
784 879 881 951 igitur
912 900 949 953 pp
974 881 1065 982 (mr),
1087 877 1283 937 adiectivum
1306 881 1416 938 autem

146 989 233 1069 μρσός
252 992 284 1050 in
306 992 472 1051 homiuum
494 1008 547 1053 ore
568 993 690 1053 iactum
712 995 764 1051 est
787 991 935 1069 (ellipsim
957 993 987 1065 ¹),
1012 1006 1093 1063 quae
1120 1007 1181 1050 vox
1202 1007 1277 1051 cum
1299 991 1417 1052 dativis

145 1091 270 1170 πατράσι
293 1089 428 1169 ἀνδράσι,
450 1095 469 1152 i.
495 1110 521 1153 e.
547 1110 652 1171 πατρσι
676 1091 791 1171 tudem,
814 1096 866 1153 est
889 1093 1112 1166 comparanda.

624 1330 681 1383 1v.
713 1330 762 1383 De
780 1328 935 1383 elisione.

189 1503 282 1583 513.
318 1509 512 1581 Pervulgata
542 1510 574 1568 in
606 1510 787 1569 Homericis
819 1511 870 1568 est
898 1508 1000 1582 elisio,
1029 1507 1062 1566 et
1085 1521 1204 1578 magna
1227 1521 1303 1565 cum
1327 1505 1415 1566 liber·

145 1610 212 1667 tate
236 1610 295 1668 hoc
315 1610 509 1669 adminiculo
531 1612 666 1669 utuntur
685 1613 799 1684 poetae
819 1612 856 1669 ut
879 1609 1014 1682 syllabis
1034 1607 1284 1682 supervacaneis
1304 1622 1415 1667 exone·

142 1712 215 1769 rent
234 1726 311 1769 suos
332 1711 549 1771 hexametros
570 1712 693 1785 Nempe
714 1728 776 1771 uon
798 1711 906 1770 solum
927 1710 1055 1770 vocales
1071 1714 1143 1767 -ά-ε
1158 1709 1234 1768 -oin
1246 1709 1415 1769 nominum

144 1812 314 1871 verborum
338 1813 570 1885 particularum
594 1813 656 1872 line
681 1814 854 1873 collocatae
879 1812 1008 1871 extrudi
1032 1811 1147 1886 solent,
1172 1810 1227 1882 qui
1251 1826 1323 1870 mos
1347 1826 1413 1885 pos·

143 1914 197 1972 tea
226 1914 406 1987 permansit
430 1906 461 1987 ²),
494 1915 550 1974 sed
574 1916 740 1988 praeterea
764 1915 794 1973 in
820 1913 908 1987 poesi
932 1913 1022 1986 epica
1045 1912 1213 1971 elisionem
1238 1912 1415 1971 admittunt

237 2018 265 2083 1)
290 2015 409 2074 vocalis
434 2037 466 2071 -ι,

235 2116 264 2183 2)
288 2116 505 2190 diphthongus
536 2140 581 2174 -σι
604 2119 637 2176 in
664 2118 833 2177 verborum
857 2117 1006 2176 terminis
1037 2137 1104 2191 -μαι
1133 2119 1219 2185 -(σ)αι
1247 2135 1308 2173 -ται
1335 2119 1415 2173 -ἅται

333 2223 433 2291 i-vtuq
456 2221 495 2280 cs.
520 2222 537 2289 ἓ
565 2222 647 2295 119),
670 2241 769 2296 -μεναι
793 2221 843 2290 (cf.
869 2222 886 2288 ἓ
913 2221 996 2292 125),
1025 2222 1120 2275 -σθαι,

234 2320 264 2387 3)
288 2319 504 2395 diphthongus
527 2344 569 2381 -οι
593 2323 625 2380 in
646 2323 754 2382 dativo
774 2322 929 2395 singulari
949 2321 1175 2395 pronominum
1194 2316 1413 2391 personalium

333 2422 360 2490 (ἓ
385 2422 454 2490 92);
480 2444 539 2498 μοι,
562 2439 608 2481 σοι
632 2424 701 2482 sive
725 2445 778 2499 roc,
800 2423 860 2481 tot.

189 2520 330 2581 Termini
365 2526 430 2592 -ι(ν)
463 2526 496 2583 et
528 2528 605 2599 etv),
637 2525 706 2584 sive
737 2526 884 2584 innatam
908 2524 1048 2583 habeant
1071 2523 1215 2582 litteram
1241 2543 1257 2578 v
1281 2520 1352 2580 sive
1376 2535 1415 2580 ex

146 2622 293 2695 analogia
326 2624 469 2684 additam
492 2623 525 2701 ³),
549 2627 740 2700 paragogica
763 2627 819 2686 illa
842 2625 951 2685 littera
982 2624 1068 2684 haud
1091 2638 1163 2682 raro
1186 2624 1262 2682 aute
1288 2621 1415 2682 vocales

146 2725 256 2783 curent
279 2726 312 2783 et
335 2727 412 2786 tuuc
439 2727 600 2788 eliduntur
624 2722 656 2796 4).
682 2728 716 2787 Ε.
745 2743 793 2800 g:

235 2822 393 2905 pequcqee’
419 2844 475 2902 pro
499 2836 690 2905 μνηστῆρσιν.

232 2916 279 3002 αἷμ’
306 2943 362 3001 pro
384 2919 466 3005 ἧμιν,
489 2931 552 2990 vid.
579 2931 596 3000 ἓ
620 2932 672 2989 92.

231 3024 342 3107 τοσσάχ’
369 3047 425 3105 pro
448 3032 595 3108 σοσσάκις,
620 3034 682 3093 vid.
709 3035 726 3101 ἓ
754 3035 805 3093 28.

233 3124 255 3188 κ’
282 3146 338 3205 pro
361 3153 422 3209 κεν,
445 3133 509 3194 vid.
533 3135 550 3203 5
576 3134 651 3193 326.

188 3230 234 3291 De
257 3232 393 3305 singulis
417 3234 483 3294 iam
502 3235 693 3295 videbimus
714 3235 755 3293 Et
773 3235 916 3308 primum
936 3234 1066 3306 quidem
1087 3233 1125 3293 de
1146 3233 1279 3293 elisione
1293 3233 1413 3294 vocalis

144 3351 186 3406 -ι;
212 3334 251 3393 ci.
278 3349 340 3393 van
365 3336 523 3395 Leeuvven
547 3336 701 3395 Mnemos
730 3336 813 3394 1885
838 3351 867 3408 p.
895 3336 956 3393 188
981 3351 1060 3408 sqq,
1085 3334 1215 3394 Menrad
1243 3335 1282 3394 de
1308 3334 1413 3395 contr.

145 3435 205 3494 etc.
238 3436 347 3505 (1886)
372 3452 401 3510 p.
437 3440 474 3496 tl
504 3453 572 3509 sqq.
599 3472 637 3480 —
664 3437 750 3511 Quae
781 3437 813 3495 in
846 3437 964 3496 Atticis
994 3436 1113 3495 litteris
1143 3452 1215 3496 raro
1239 3436 1415 3496 admodum

147 3586 364 3596 ———-.-—

177 3676 197 3742 ¹)
216 3680 253 3726 Oi.
272 3695 292 3727 e.
312 3695 335 3740 g.
355 3676 445 3746 νά(σ)ο;
462 3680 547 3738 titirus,
564 3682 623 3739 gall.
642 3680 686 3727 ort
702 3678 730 3745 (i.
748 3697 770 3728 e.
788 3679 854 3745 nra).

176 3755 198 3822 2)
216 3760 286 3814 Quae
303 3760 354 3806 hue
372 3761 470 3807 iaciunt
487 3764 609 3819 congesta
626 3761 707 3807 habes
724 3762 793 3821 apud
807 3762 999 3807 bonnet-Blae
1016 3762 1027 3806 1
1042 3775 1067 3821 p.
1083 3762 1131 3808 233
1146 3776 1203 3821 sqq.
1214 3787 1244 3795 -
1254 3762 1292 3808 De
1308 3762 1415 3809 elisione

142 3839 238 3885 vocalis
265 3860 289 3886 -ο
316 3841 381 3886 inira
407 3842 511 3899 saepius
537 3854 621 3886 sermo
647 3841 705 3893 erit3
735 3841 784 3885 vid.
808 3840 840 3886 de
861 3841 981 3899 genitivis
1001 3842 1027 3886 in
1045 3858 1091 3886 -σιο
1110 3840 1124 3898 ς
1143 3843 1182 3898 59,
1200 3841 1232 3887 de
1249 3841 1372 3901 genitivis
1389 3842 1415 3889 in

143 3921 207 3978 -ε(ι)ο
231 3922 244 3977 5
269 3923 308 3976 92,
335 3922 367 3967 de
390 3921 510 3967 secundis
533 3922 649 3979 personis
666 3922 744 3966 medii
762 3923 787 3967 in
807 3940 831 3967 -o
849 3923 862 3978 ᾖ
882 3923 937 3967 117.
957 3922 993 3967 De
1012 3922 1117 3968 elisione
1136 3921 1295 3982 pronominis
1311 3914 1345 3967 fa
1363 3920 1415 3967 vid.

140 3999 155 4058 ξ
174 3999 213 4046 92.
231 4001 269 4046 De
288 4002 433 4047 accusativo
451 4007 516 4058 lma
534 4002 560 4045 in
576 4002 627 4047 fine
647 4014 768 4047 versuum
788 4001 895 4047 sortasse
914 4015 1105 4060 nonnumquam
1124 4002 1187 4048 eliso
1205 4002 1236 4047 ef.
1256 4000 1270 4059 ξ
1289 4002 1329 4048 80.

175 4075 196 4142 ³)
213 4080 269 4125 Vid.
287 4081 434 4138 Brugmnnn
452 4080 494 4126 Gr.
514 4081 625 4126 Grnmm.
645 4081 659 4137 ξ
678 4082 708 4126 64
727 4095 803 4140 anm,
822 4082 1013 4127 Kiihuer-Blass
1032 4082 1044 4127 Ι
1062 4095 1087 4140 p.
1108 4082 1155 4127 292
1174 4095 1230 4140 sqq.

175 4156 196 4219 4)
216 4155 271 4204 Non
290 4160 344 4204 sine
363 4160 557 4217 exceptionibus
574 4160 727 4216 quibusdam
746 4161 794 4205 hoc
810 4160 884 4207 velet.
899 4161 1010 4206 hblativi
1026 4161 1152 4207 terminus
1170 4166 1224 4207 -hev
1242 4161 1266 4218 (ἕ
1284 4161 1327 4216 tt)
1344 4160 1415 4209 ncte-

141 4252 196 4283 rani
216 4256 227 4282 v
245 4239 313 4297 opud
331 4241 469 4284 Homerum
488 4241 514 4285 in
533 4240 678 4285 nominibus
694 4241 821 4298 stabilem,
841 4242 866 4285 in
882 4241 1011 4287 adverbiis
1026 4241 1146 4287 mobilem
1165 4240 1252 4286 habet.
1272 4240 1302 4286 In
1318 4240 1415 4288 iustru-

142 4317 261 4363 moutuiis
286 4319 394 4364 termino
420 4336 472 4378 -φιν
498 4316 524 4377 (5
546 4321 587 4369 46)
610 4318 713 4364 mobilis
737 4322 776 4364 eet
798 4319 883 4364 littera
906 4339 925 4372 v,
943 4319 989 4365 sed
1008 4333 1057 4366 nou
1079 4319 1182 4366 eliditur
1202 4338 1239 4380 -φι
1259 4316 1326 4383 (exe.
1345 4322 1411 4384 νόσφ’

143 4403 161 4441 r
180 4394 217 4459 7);
245 4397 403 4454 pronominis
426 4410 485 4442 vero
504 4398 605 4443 dativus
623 4414 677 4456 σφιν
695 4400 792 4456 piassim
810 4398 889 4444 elisus
907 4399 1042 4459 reperitur,
1060 4400 1122 4446 item
1140 4399 1218 4445 dativi
1245 4400 1320 4457 ἄμμιν
1338 4396 1414 4463 (ἥμιν)

141 4479 167 4521 et
194 4475 263 4532 ὔμμιν
289 4472 369 4538 (ὗμιν).
396 4477 448 4521 Has
475 4477 569 4522 formas
596 4480 622 4522 et
644 4478 746 4522 tertiam
770 4490 906 4535 personum
931 4479 1011 4537 iuriis)
1030 4479 1051 4524 si
1072 4480 1222 4539 excipimus,
1240 4477 1342 4537 syilsbs
1360 4482 1417 4539 uis)

142 4557 267 4614 perpetuo
285 4555 478 4601 antecedentem
496 4555 575 4601 habet
593 4556 704 4602 litteram
726 4572 748 4602 σ.
