3120 5124
140 407 153 477 i
169 407 210 479 38]
711 402 773 461 125

140 594 299 654 mancorum
330 590 468 651 editione
499 587 611 648 scribit
642 584 766 666 φθέρρω
796 587 906 666 κρίννω
938 585 1072 665 ἀμύννω,
1102 591 1183 650 item
1206 587 1317 670 χὲρρων
1340 596 1374 653 et

138 693 333 773 σιλλοβότερρα,
358 692 416 752 sed
440 690 652 764 comparativi
676 686 806 767 ἀμείνων
830 690 1074 766 diphthongum,
1098 707 1196 764 quam
1221 696 1333 755 tamen
1357 713 1373 756 e

138 796 311 871 productione
353 793 551 868 suppletoria
594 792 751 866 prodiisse
793 792 913 853 diserte
947 793 1025 853 dicit
1060 810 1086 854 e.
1121 810 1151 868 g.
1188 797 1375 870 Brugmann

139 897 178 958 ll.
195 897 210 966 i
229 896 278 970 54,
310 895 468 956 intactam
500 894 578 954 sinit
609 893 762 966 quoniam
786 894 927 954 vetustis
952 894 1214 969 inscriptionibus
1237 898 1373 960 defendi·

140 1001 177 1057 tur
192 1001 218 1067 ¹).
239 996 328 1057 Talia
351 997 380 1057 si
402 995 560 1071 placeant,
592 996 715 1055 instare
740 995 866 1055 videtur
893 995 1071 1068 periculum
1097 1011 1137 1056 ne
1161 1002 1376 1070 grammatica

140 1101 259 1162 obruatur
279 1099 448 1174 lapidibus,
468 1114 533 1159 non
552 1098 714 1158 fulciatur.
736 1099 826 1158 Adde
847 1097 930 1170 qnod
948 1097 1010 1171 ipsi
1035 1098 1094 1157 viri
1117 1098 1212 1176 docti,
1237 1116 1374 1174 quorum

141 1203 287 1277 opinionem
318 1200 414 1262 modo
445 1199 626 1274 attulimus,
652 1199 684 1258 in
711 1198 840 1259 diversa
862 1198 983 1259 abeunt
1007 1199 1083 1259 dum
1108 1201 1271 1275 explicant
1292 1221 1375 1277 quae

141 1303 326 1365 hiercesserit
348 1303 432 1363 ratio
454 1301 540 1362 inter
562 1316 675 1361 veram
697 1301 932 1375 diphthongum
951 1321 976 1359 ει
1000 1305 1068 1372 (ει
1083 1309 1120 1369 ÷
1135 1306 1156 1372 ι)
1179 1305 1213 1364 et
1232 1307 1376 1380 spuriam

141 1409 256 1474 (ιε-οε
285 1408 343 1466 aut
366 1423 424 1461 =r
447 1403 668 1477 productum);
689 1403 772 1462 hano
795 1402 844 1461 illi
870 1402 1009 1462 Athenis
1036 1404 1159 1463 sensim
1183 1406 1374 1469 similiorem

142 1507 230 1569 latam
252 1523 324 1568 esse
347 1507 441 1582 putat
459 1505 554 1565 Blass
573 1505 790 1579 Aussprsche³
811 1520 841 1579 p.
863 1505 905 1563 30
925 1504 975 1573 (oi.
997 1504 1211 1566 Meisterhans
1231 1508 1374 1570 Gramm.

142 1608 162 1668 d.
176 1625 197 1670 a.
213 1609 342 1670 insohr.²
361 1623 391 1681 p.
414 1607 477 1683 28),
502 1607 689 1680 Brugmann
714 1607 826 1666 contra
850 1605 994 1665 Gramm.
1016 1606 1034 1675 ἓ
1057 1609 1096 1666 15
1121 1611 1231 1668 censet
1255 1613 1374 1672 utram-

142 1730 184 1787 que
208 1716 329 1777 saeculo
359 1714 471 1787 quinto
503 1714 536 1772 in
566 1728 621 1773 ore
652 1713 901 1773 Atheniensium
934 1713 1082 1773 sonuisse
1105 1720 1130 1774 ο.
1159 1715 1204 1775 Ut
1228 1720 1377 1794 exemplo

143 1818 251 1893 utamur,
280 1819 314 1877 et
343 1807 403 1892 εἶμι
433 1816 466 1875 et
497 1812 557 1891 εἰμί
585 1817 731 1889 ternpore
762 1813 838 1874 helli
862 1815 1123 1889 Peloponnesiaci
1147 1817 1219 1875 elmi
1241 1834 1376 1893 pronun·
1438 1835 1443 1845 “

143 1919 203 1979 cuia
220 1934 289 1980 esse
312 1919 406 1993 putat
427 1917 532 1989 Blass,
556 1917 618 1975 ἑοιι·
641 1917 838 1988 Brugmann.

173 2020 388 2096 disputationis
417 2019 547 2079 nostrae
578 2033 710 2078 summa
741 2033 779 2079 eo
809 2018 902 2094 redit,
934 2021 972 2078 ut
1002 2020 1114 2079 textus
1138 2021 1249 2082 traditi
1272 2022 1376 2084 incon·

144 2122 268 2183 santam
301 2121 468 2182 ferendam
502 2122 665 2196 putemus,
699 2135 764 2180 non
798 2119 882 2192 quod
915 2135 1027 2180 verum
1060 2121 1104 2180 sit
1134 2122 1290 2184 traditum
1322 2127 1378 2186 sed

144 2224 204 2292 quod
221 2224 384 2298 ignoretur
407 2237 531 2284 verum.

174 2384 287 2460 spirans
309 2402 327 2445 σ
348 2385 552 2462 praecedenti
582 2385 721 2459 liquidae
744 2387 760 2443 t
784 2384 836 2446 vel
860 2406 877 2463 ρ
901 2384 985 2445 solet
1016 2385 1211 2447 assimulari.
1244 2389 1282 2448 In
1313 2392 1378 2462 qui·

144 2482 248 2550 busdam
277 2490 391 2550 tamen
421 2487 586 2548 vocabulis
613 2487 742 2547 litterae
776 2491 812 2545 io
838 2489 871 2547 et
893 2503 929 2565 ρο
951 2487 1146 2548 immutatae
1170 2495 1377 2552 manserunt:

145 2580 207 2660 ἄλσος
230 2587 329 2651 τέλσον
359 2585 460 2668 χέρσος
492 2585 600 2668 {sipon
631 2585 727 2667 ἅρσην
757 2586 869 2666 nepotc
901 2586 1007 2666 τορσός
1037 2587 1130 2667 κόρση
1160 2588 1280 2669 θαρσὲω
1305 2596 1377 2668 etc.;

146 2688 201 2750 adio
219 2691 388 2753 nonnullos
411 2691 549 2752 aoristos
568 2691 741 2751 verborum
760 2690 1001 2765 liquidaiorum,
1027 2690 1065 2751 de
1084 2691 1200 2764 quibus
1219 2694 1258 2754 cf.
1272 2694 1290 2763 ἓ
1303 2697 1377 2772 254,

146 2792 169 2848 oi
183 2793 294 2855 dativus
317 2789 386 2853 diui
406 2792 487 2872 χερσί
506 2795 566 2853 eto.
592 2807 612 2851 a
633 2792 793 2853 radicibus
816 2807 897 2865 quas
920 2792 1040 2852 clandit
1063 2792 1172 2853 littera
1194 2815 1221 2872 ρ.

175 2892 264 2957 Etiam
286 2895 431 2957 verbalia
453 2893 646 2973 ποράγγελσις
676 2890 792 2973 ἄγερσις
818 2889 902 2972 ἄρσις
925 2893 1072 2972 κάθαρσις
1094 2893 1232 2973 κάτοιρσις
1257 2892 1379 2977 τέκμαρ-

147 3005 177 3063 σς
198 2992 299 3077 hepone
328 2993 489 3075 ὀλόφυρσις
519 2998 579 3058 eto.
612 2997 738 3056 litteras
766 2999 801 3055 io
829 2998 862 3055 et
884 3011 920 3075 ρο
950 2997 1077 3056 iunctas
1107 2997 1290 3075 ostendunt,
1323 3001 1379 3061 sed

146 3106 221 3168 noque
251 3099 454 3175 reperiuntur
487 3100 567 3160 haec
601 3098 634 3158 in
666 3099 807 3160 Homero
838 3113 941 3171 neque
972 3112 1085 3158 revera
1113 3098 1176 3159 huo
1207 3102 1380 3178 pertinent,
1499 3091 1504 3103 '

146 3197 233 3265 lrodilt
260 3201 348 3261 enim
379 3215 439 3272 -σις
469 3215 510 3261 ex
540 3222 605 3272 -τις,
627 3200 719 3260 idem
742 3199 831 3261 valet
853 3200 892 3260 de
915 3199 1084 3259 adiectivis
1105 3198 1287 3262 Homericis
1310 3202 1381 3282 μσς

147 3309 206 3372 αιοος
225 3299 390 3382 lundonae
412 3301 573 3382 μετάρσιος.

176 3463 336 3539 heyllaba
366 3464 463 3540 longa
488 3465 522 3524 in
544 3464 682 3525 dictione
705 3465 795 3539 opica
817 3465 984 3524 ordiuntur
1008 3465 1087 3523 haec
1110 3465 1275 3542 vocabula,
1299 3482 1381 3538 quae

145 3560 248 3627 brevem
270 3581 343 3628 eam
366 3566 487 3627 habent
509 3567 542 3626 in
565 3566 701 3627 dialecto
724 3566 852 3626 Attica:

179 3668 201 3736 l)
218 3667 312 3740 ιᾱσός.
343 3668 447 3729 Breve
469 3671 580 3729 tamm
603 3670 654 3729 est
677 3668 773 3743 alpha
795 3669 826 3728 h.
851 3668 930 3727 Ven.
956 3668 1007 3743 29,
1033 3668 1096 3727 262
1121 3668 1197 3727 Hes
1223 3667 1314 3741 Oper.
1340 3670 1381 3728 63

145 3764 236 3844 lheog.
270 3771 343 3831 585.
379 3772 415 3830 In
449 3771 636 3845 compositis
670 3773 768 3829 καλλι-
791 3771 954 3830 invenitur
976 3771 1139 3845 perpetuo,
1171 3769 1255 3829 unde
1277 3768 1383 3841 καλλός

145 3871 321 3934 stutendum
364 3887 436 3933 esse
478 3875 556 3933 sunt
589 3873 643 3945 qui
677 3873 859 3932 autumant.
895 3872 1011 3930 Forma
1044 3871 1211 3945 primitiva
1244 3869 1382 3932 fueritne

144 3973 223 4048 ιιλςός
243 3990 284 4034 an
307 3972 418 4044 aalide
439 3975 616 4048 incertum3
640 3975 724 4034 hanc
746 3974 928 4048 opinionem
952 3972 1159 4033 commendat
1180 3971 1337 4045 analogia.

177 4076 202 4147 2)
221 4067 305 4146 οὖλος
326 4079 414 4150 totus,
447 4091 464 4135 e
487 4075 596 4146 odifog
619 4077 745 4151 natum,
770 4076 826 4135 lat.
850 4075 952 4134 sollus.
977 4075 1107 4148 Legitur
1131 4095 1148 4152 ρ
1173 4074 1235 4133 343
1260 4096 1282 4131 ω
1310 4074 1381 4133 118.

177 4178 202 4247 3)
222 4169 339 4253 φθάνω,
371 4177 411 4237 cf.
435 4178 453 4245 S
477 4178 551 4237 207.
583 4177 608 4236 E
631 4175 766 4252 ‹piidvfru
791 4177 918 4237 videtur
940 4175 1106 4251 prodiisse,
1132 4176 1211 4234 item
1235 4165 1326 4232 isdum
1351 4177 1384 4233 ei

144 4270 231 4353 κιχάνω
250 4281 322 4351 (vid.
341 4276 437 4356 infla)
458 4295 499 4339 ex
522 4276 637 4337 indvfm
657 4280 690 4338 et
708 4276 854 4355 urxdvfm
874 4278 913 4337 cf.
935 4279 1121 4351 Brugmann
1138 4275 1281 4335 Gramm.
1302 4275 1319 4343 S
1341 4277 1381 4335 57

170 4492 186 4559 Ι)
201 4499 234 4547 Oi.
258 4499 448 4547 lirinum-lilaea
469 4499 522 4559 Ip.
541 4501 589 4547 565
612 4502 663 4546 not.
680 4501 708 4554 2;
736 4502 960 4545 ΛΜΕΙΝΟΚΛΕΣ
984 4499 1085 4557 alisque
1107 4497 1254 4543 huiusmodi
1276 4499 1337 4542 suni
1358 4497 1384 4541 in

143 4572 222 4635 lituis,
237 4580 327 4639 opponi
345 4583 433 4626 tamen
449 4582 535 4638 potest
551 4579 682 4626 Aeolicum
701 4582 871 4637 Ἀμενιάμινος.
