3120 5124
751 411 813 471 σω
1292 397 1384 488 peto

143 613 215 660 esee
241 598 306 659 utri
336 599 513 674 particulae
537 599 643 674 magis
666 599 798 661 faveant
820 599 904 660 libri.
929 598 1069 675 Quorum
1094 598 1238 659 locorum
1256 609 1386 656 numerus

143 700 270 774 egregie
301 701 471 774 augebitur
492 701 521 762 ei
544 703 702 763 addamus
730 717 845 762 versus
871 701 925 762 ubi
948 700 1067 775 legitur
1088 696 1127 759 ἄν
1154 713 1230 760 cum
1250 695 1388 772 parallelis

143 800 292 862 versibus
314 821 365 859 ιιεν
387 802 576 877 reperiatur.

186 902 228 962 lit
257 903 309 964 hic
339 904 443 965 denuo
472 904 670 966 laudandum
700 906 761 982 eat,
793 920 991 980 quamquam
1011 903 1078 964 iam
1105 902 1174 963 fere
1195 898 1389 969 decantatum,

140 1003 220 1065 illud
250 999 289 1082 ἢν
320 1001 480 1087 ἐθέλῃσθα.
510 1006 596 1067 Nam
627 1007 720 1067 hodie
747 1007 883 1068 sanein
914 1007 1009 1068 textu
1034 1003 1207 1066 Homerico
1238 1001 1270 1062 id
1295 998 1391 1073 legion

141 1105 210 1166 loco
240 1120 337 1179 quem
367 1107 498 1182 saepius
528 1109 596 1170 iam
624 1108 807 1185 attulimus,
831 1111 851 1167 Ι
871 1111 946 1186 359,
970 1122 1117 1169 necnon
1141 1120 1238 1166 versu
1259 1098 1390 1179 parallelo

143 1209 171 1264 A
194 1207 258 1267 353
285 1198 316 1283 ¹),
347 1208 404 1269 sed
439 1209 604 1283 aliquanto
639 1212 751 1271 tamen
781 1206 982 1285 frequentius
1013 1211 1047 1270 in
1078 1207 1261 1270 Homericis
1289 1205 1335 1265 est
1359 1200 1392 1275 id,

143 1307 227 1381 quod
254 1309 347 1370 unice
378 1312 465 1371 recte
496 1311 614 1374 habere
645 1313 812 1388 contendo,
837 1307 913 1372 αἴν’
942 1308 1094 1396 ἐθέλῃσθα
1117 1309 1170 1372 rel
1194 1313 1278 1391 -λῃςε
1303 1302 1393 1364 0471

143 1411 176 1468 ro
198 1410 262 1471 aco
293 1412 324 1467 Σ
345 1412 409 1471 457
440 1404 520 1491 (ἐν
543 1413 585 1473 aa
617 1411 734 1483 oasa)
766 1417 782 1472 λ
808 1415 870 1474 105
901 1415 987 1491 pre
1019 1435 1038 1473 ι
1063 1414 1127 1472 aaa
1158 1411 1190 1470 n.
1215 1407 1308 1469 uere.
1339 1404 1395 1463 λοι.

145 1511 336 1571 Invenimus
358 1525 437 1571 sane
460 1513 494 1572 in
516 1514 667 1575 omnibus
690 1514 854 1575 codicibus
876 1510 915 1592 ἢν
935 1510 1073 1597 ἐθέλῃσιν
1098 1514 1117 1571 Ι
1138 1510 1203 1571 429
1216 1537 1249 1559 =
1262 1507 1335 1580 692,
1354 1501 1397 1563 sed

146 1604 222 1669 αἴν’
250 1606 369 1694 ἐθέλῃσι
397 1614 490 1673 extat
511 1616 542 1672 Σ
563 1614 638 1690 278,
662 1614 726 1676 306
756 1637 768 1674 ι
792 1616 873 1690 520;
905 1615 986 1675 item
1008 1606 1084 1672 αἴν’
1111 1607 1239 1687 ἐθέλωμι
1261 1606 1399 1682 reperitur

146 1713 270 1788 φ348,
294 1709 325 1770 εἴ
342 1706 365 1771 π’
392 1709 506 1786 ἐθέλοις
528 1735 544 1773 τ
567 1715 641 1791 589,
664 1712 694 1773 εἴ
711 1708 735 1774 π’
761 1711 874 1775 ἐθέλων
987 1736 1007 1792 η
1031 1715 1105 1775 315.

190 1814 311 1876 Eadem
335 1815 459 1877 ratione
482 1817 649 1892 persanari
670 1818 780 1892 potest
804 1819 839 1876 Π
859 1818 901 1878 38
924 1832 991 1890 so:

323 1909 382 1974 ἀλλ’
409 1911 459 1993 ἐμέ
481 1936 535 1996 περ
559 1916 648 1997 πρόες
671 1910 730 1997 ὦχ’,
752 1916 813 1996 ἅμα
836 1913 866 1978 δ’
892 1915 982 1979 ἄλλον
1004 1913 1078 1976 λαόν
1100 1911 1235 1976 ὄπασσον

325 2016 545 2096 Μυρμιδόνων,
569 2015 616 2096 ἦν
638 2019 709 2080 πού
731 2041 758 2079 τι
781 2017 864 2096 φόως
883 2021 1030 2079 Δαναοῖσι
1051 2013 1191 2097 γένωμαι.

145 2119 207 2180 Hic
238 2119 460 2180 dubitaremus
491 2119 630 2181 fortasse
661 2121 820 2194 quomodo
850 2119 886 2180 σέ
908 2142 960 2180 osv
992 2120 1082 2180 esset
1104 2114 1333 2188 revocandum,
1354 2108 1404 2170 uisi

146 2221 234 2280 viam
256 2220 349 2280 nobis
373 2220 549 2281 indicatam
572 2222 794 2283 inveniremus
817 2222 886 2284 loco
909 2220 1063 2298 parallelo
1087 2222 1118 2278 A
1143 2218 1207 2278 796
1232 2231 1297 2289 so:

322 2317 396 2381 ἀλλὰ
419 2317 452 2381 σέ
473 2341 528 2401 περ
550 2319 674 2402 προέτω,
695 2321 757 2401 ἅμα
780 2317 808 2383 δ’
835 2319 922 2395 ἄλλος
944 2319 1014 2394 λαός
1038 2316 1156 2380 ἑπέσθω

324 2422 546 2503 Μυρμιδόνων,
568 2422 612 2482 αἴ
629 2420 670 2484 πέ
677 2447 696 2483 ν
714 2446 742 2484 τι
765 2422 848 2502 φόως
871 2425 903 2496 (l.
928 2423 1018 2502 φάος)
1041 2422 1189 2482 Δαναοῖσι
1210 2414 1326 2499 γένηαι,

145 2540 208 2599 quo
239 2527 308 2587 loco
340 2526 442 2587 codex
472 2527 620 2587 Ghabet
649 2523 696 2604 ἦν
726 2527 802 2588 πού
834 2548 861 2586 ιι
891 2524 973 2604 φόως
999 2527 1061 2586 etc.
1089 2521 1256 2596 Iegrmtur
1286 2519 1364 2578 hoco
1384 2515 1412 2573 in

145 2628 292 2689 Nestoris
322 2643 397 2689 cum
430 2628 579 2689 Patroclo
610 2628 736 2704 prolixa
757 2628 815 2689 illa
838 2627 1106 2701 confabulatione,
1130 2637 1214 2697 quae
1237 2619 1317 2694 quin
1338 2617 1414 2678 inter

147 2729 390 2790 recentissimas
414 2730 526 2791 iliadis
548 2732 659 2805 partes
678 2731 722 2791 eit
745 2731 952 2806 recensenda,
976 2729 1033 2790 rix
1056 2726 1209 2800 cuiquam
1237 2721 1348 2797 opinor
1369 2716 1414 2778 ad·

146 2833 209 2891 buo
231 2831 366 2892 dubium
385 2832 521 2894 videtur.
542 2832 652 2894 Fickio
670 2834 783 2893 autem
807 2833 836 2894 si
858 2831 1054 2894 credendum
1076 2829 1138 2904 eet,
1161 2824 1320 2886 debentur
1343 2821 1418 2880 baec

147 2933 261 3007 poetae
300 2933 357 2991 aut
394 2932 422 2990 si
453 2934 560 2993 mavis
601 2934 759 3009 rhapsodo
791 2933 858 3010 isti,
900 2947 998 3006 quem
1039 2928 1177 2990 iliadem
1214 2940 1257 2986 ex
1292 2920 1419 2983 Aeolica

146 3033 283 3095 dialecto
321 3033 355 3094 iu
395 3034 538 3094 ionicam
574 3036 775 3097 convertisse
805 3035 969 3108 simulque
999 3030 1114 3092 multis
1145 3023 1350 3089 hexametris
1383 3020 1419 3080 de

146 3151 205 3196 suo
247 3135 380 3196 auxisse
422 3137 603 3212 contendit;
646 3138 732 3198 hunc
769 3138 868 3212 igitur
906 3134 1157 3208 diasceuastam,
1207 3128 1260 3190 cui
1304 3138 1420 3186 nomen

148 3238 323 3314 Gynaetbo,
355 3239 494 3313 patriam
526 3237 641 3297 (ibium
673 3239 774 3300 fuisse
802 3239 890 3315 dicit,
915 3252 1030 3298 versus
1053 3238 1085 3293 Λ
1109 3230 1284 3295 794-803
1309 3227 1423 3289 leviter

147 3343 293 3402 mutatos
316 3340 507 3416 repetivisse
530 3356 573 3400 ex
591 3339 710 3400 librili
717 3342 819 3415 initio,
844 3341 894 3401 vir
916 3339 970 3400 ille
993 3338 1108 3400 doctus
1132 3334 1233 3406 (iliad.
1257 3345 1330 3406 pag.
1349 3329 1421 3397 488)

145 3445 314 3518 autumat;
358 3457 470 3503 crassa
511 3442 656 3503 Minerva
689 3459 707 3503 e
742 3443 910 3503 Patrocles
944 3440 1074 3502 evulsos
1110 3439 1143 3499 et
1181 3436 1245 3495 huc
1279 3433 1423 3492 intrusos

147 3561 220 3607 esse
250 3546 327 3606 alibi
359 3550 440 3619 (pag.
470 3546 523 3614 83)
552 3545 678 3605 statuit.
712 3544 801 3621 Quod
831 3558 945 3605 verum
976 3557 1048 3602 esse
1080 3538 1216 3600 minime
1242 3546 1419 3608 negamus;

147 3647 204 3706 sed
234 3647 319 3720 quod
349 3647 427 3707 dicit
456 3645 571 3706 leviter
593 3646 739 3706 mutatos
763 3661 835 3706 esse
859 3645 918 3705 hoe
942 3657 1067 3717 versus,
1092 3655 1154 3715 quo
1176 3636 1290 3699 tendat
1315 3635 1420 3696 videa·

148 3764 233 3808 mue.
265 3748 385 3821 Ecquid
416 3747 565 3809 credibile
595 3749 656 3824 est,
688 3748 885 3822 rhapsodum
915 3747 1020 3821 illum,
1044 3743 1098 3817 qui
1121 3740 1253 3802 Aeolica
1275 3737 1421 3798 carmina

146 3851 179 3911 in
210 3850 356 3910 ionicam
386 3850 560 3911 dialectum
591 3851 803 3926 converteret,
836 3850 896 3910 boc
928 3848 997 3908 loce
1028 3845 1111 3905 mira
1134 3840 1276 3916 quadam
1299 3838 1420 3899 mentis

146 3951 387 4027 perturbatione
420 3951 514 4024 plane
545 3951 742 4013 contrariam
773 3950 862 4010 viam
893 3948 1064 4023 institisse,
1097 3945 1131 4005 et
1161 3943 1209 4004 ita
1240 3940 1421 4003 mutavisse

148 4055 247 4114 verba
276 4053 338 4113 loci
369 4067 467 4126 quem
497 4053 698 4129 imitabatur,
730 4054 768 4112 ut
798 4067 855 4127 pro
884 4050 1003 4112 Ionicis
1033 4046 1157 4109 voculis
1180 4041 1220 4122 ἦν
1242 4063 1314 4120 που,
1341 4057 1420 4117 quae

147 4155 241 4215 hodie
265 4156 352 4214 certe
374 4153 441 4214 iilic
460 4153 620 4230 leguntur,
643 4153 831 4214 restitueret
849 4153 883 4213 in
904 4151 1052 4213 versibus
1072 4163 1092 4209 a
1111 4163 1148 4208 se
1169 4145 1257 4208 fictis
1275 4144 1422 4206 aeolicae

150 4254 186 4314 σῖ
211 4257 286 4315 nov?
321 4255 420 4316 Plane
455 4255 594 4317 absurda
624 4255 672 4315 sic
703 4255 925 4330 crederemus;
958 4254 1067 4327 itaque
1099 4249 1177 4311 rior
1206 4247 1422 4321 interrogatus

184 4495 205 4563 ¹)
221 4501 381 4560 Quamquam
408 4501 461 4549 veri
485 4501 592 4560 vestigia
615 4512 647 4546 ne
669 4499 712 4546 hio
737 4499 841 4559 quidem
865 4513 971 4562 prorsus
993 4498 1227 4557 marcomanos,
1245 4493 1420 4556 optimienim

148 4581 229 4626 terme
247 4591 360 4639 papyrus
381 4591 476 4626 cxxxvr
497 4581 524 4626 et
541 4578 622 4626 codex
642 4579 664 4626 Δ
681 4578 779 4626 habent
796 4578 823 4638 liv
840 4579 868 4626 ιέ.
