3120 5124
767 391 806 450 12
1343 385 1373 456 [ἓ
1396 386 1416 443 3

139 579 303 652 precantia
330 578 400 648 (VII
427 579 511 650 237),
537 578 702 637 tremorem
725 577 849 651 (Georg.
875 578 889 636 Ι
914 577 999 651 291),
1024 574 1304 645 1111111111111
1332 576 1416 647 160),

143 679 281 739 fortasse
304 679 403 739 etiam
428 678 891 752 111111111161118.111449)
921 678 1107 737 1111111111
1130 677 1172 746 (II
1196 677 1265 750 69);
1293 676 1355 736 vid.
1381 676 1415 735 L.

143 781 315 856 Quicherat
337 780 447 840 Revue
471 780 509 840 de
534 780 711 853 Philologie
741 781 824 840 1890
847 796 876 854 p.
904 781 943 839 51
970 795 1038 852 sqq.

187 882 255 942 Duo
289 881 337 940 illi
370 880 531 956 versiculi,
572 897 613 940 ex
651 896 788 955 quorum
823 880 1046 942 coniunctione
1082 894 1213 940 versum
1248 878 1416 939 heroicum

141 983 295 1057 prodiisse
322 982 472 1058 vidimus,
500 983 553 1043 diu
578 985 754 1055 antequam
778 984 896 1057 puncta
917 985 993 1042 sunt
1013 982 1158 1042 carmina
1178 981 1352 1042 Homerica
1370 981 1417 1042 ita

141 1085 330 1145 coaluerunt
361 1087 398 1144 ut
428 1099 551 1144 novum
582 1086 725 1144 metrum
750 1083 923 1144 efficerent.
953 1084 1042 1144 Haec
1064 1083 1150 1143 enim
1176 1083 1322 1143 carmina
1345 1083 1414 1143 tali·

143 1187 203 1247 bus
237 1186 416 1260 composita
446 1187 522 1245 sunt
554 1186 765 1261 hexametris,
798 1187 852 1260 qui
876 1186 952 1260 quin
977 1185 1273 1258 solidiintegrique
1297 1201 1414 1246 versus

142 1289 208 1348 sint
243 1290 388 1363 vocandi,
429 1303 536 1364 nemo,
574 1287 629 1360 qui
665 1287 794 1360 quidem
828 1289 956 1348 aurium
991 1287 1107 1348 iudicio
1141 1287 1261 1361 aliquid
1297 1287 1415 1361 valeat,

143 1390 288 1450 dubitare
323 1392 439 1464 potest.
476 1389 603 1462 Regnat
632 1389 664 1447 in
695 1389 736 1448 iis
768 1403 887 1462 magna
918 1403 1127 1449 numerorum
1151 1388 1284 1448 libertas
1308 1389 1416 1449 multi·

142 1492 280 1566 plexque
318 1492 493 1566 mobilitas,
529 1491 626 1551 certis
661 1493 772 1552 tamen
807 1491 933 1565 legibus
963 1492 1155 1566 temperata,
1188 1504 1269 1563 quas
1292 1490 1416 1550 summi

142 1594 273 1652 tantum
307 1592 448 1653 artifices
477 1591 582 1652 multo
615 1608 676 1652 usu
700 1593 868 1654 exercitati
892 1593 963 1666 ipsa
992 1607 1088 1652 musa
1109 1591 1284 1665 instigante
1306 1593 1415 1666 potue·

143 1694 208 1754 rint
243 1694 390 1768 reperire.
426 1695 463 1754 Id
495 1695 578 1767 quod
601 1695 793 1768 praesertim
817 1697 950 1769 apparet
973 1711 1013 1754 ex
1037 1694 1223 1754 *incisionum
1247 1693 1415 1753 varietate.

143 1795 227 1855 Nam
259 1797 347 1856 hisce
382 1796 514 1855 demum
547 1796 738 1857 hexameter
760 1795 855 1856 debet
878 1795 1009 1856 firmum
1035 1795 1128 1855 illum
1151 1809 1302 1868 gressum
1325 1809 1416 1855 cano·

143 1911 278 1970 ramque
297 1896 388 1956 illam
409 1895 657 1972 volubilitatem,
679 1911 761 1970 quae
786 1899 818 1957 et
842 1897 920 1957 olim
944 1897 1103 1957 delenitas
1124 1897 1299 1957 tenuerunt
1321 1911 1416 1956 aures

144 2002 176 2058 et
199 2013 284 2058 nunc
308 1999 419 2058 tenent
442 1997 650 2071 taediumque
674 1998 790 2058 oboriri
813 2013 877 2058 non
897 1999 1025 2073 sinunt;
1049 1999 1110 2058 bae
1131 1996 1264 2057 demum
1283 2013 1416 2058 versum

144 2100 354 2160 Homericum
377 2100 489 2173 aptum
513 2099 720 2159 reddiderunt
743 2115 806 2173 quo
830 2100 944 2174 longae
968 2099 1170 2161 narrationes
1194 2100 1414 2160 conderentur.

143 2201 277 2274 Antiqui
300 2200 347 2260 illi
370 2200 521 2260 versiculi
546 2202 713 2261 ternorum
737 2202 861 2262 ictuum
886 2202 914 2261 si
940 2202 1070 2276 saepius
1094 2202 1297 2276 iterarentur,
1321 2215 1416 2261 aures

144 2303 363 2363 obtundebant
384 2303 504 2362 tinnitu
529 2304 585 2362 vix
609 2304 785 2379 tolerabili;
815 2305 887 2378 quis
917 2304 1004 2365 enim
1035 2303 1119 2363 ferat
1143 2302 1258 2378 decies,
1282 2302 1414 2378 centies,

146 2404 266 2465 millies
288 2403 463 2478 repetitum
488 2405 632 2465 ieiunum
656 2405 735 2466 illud

650 2521 654 2545 ι
744 2532 748 2546 ,
842 2538 844 2544 ,

609 2553 664 2580 υ·
677 2553 759 2581 w·
773 2555 856 2586 υυ·
869 2552 903 2581 υ·

143 2607 306 2667 Nauseam
326 2607 467 2681 profecto
488 2606 705 2668 incussissent
724 2609 869 2669 carmina
888 2609 983 2683 paulo
1003 2608 1185 2683 prolixiora,
1204 2622 1286 2681 quae
1299 2607 1414 2667 anhelo

143 2709 300 2769 eiusmodi
333 2710 437 2769 metro
461 2710 572 2769 essent
595 2710 784 2784 composita.
810 2710 897 2786 Quae
922 2713 958 2771 ut
980 2710 1106 2785 placere
1130 2709 1323 2784 potuissent,
1348 2724 1414 2769 ver·

142 2810 236 2871 siculi
271 2810 380 2883 aliqua
413 2811 537 2871 ratione
571 2812 656 2871 inter
687 2827 722 2872 se
753 2812 925 2886 colligandi
957 2814 1054 2885 atque
1081 2811 1243 2872 dividendi
1267 2811 1415 2885 fuissent,

143 2911 213 2971 sive
237 2912 269 2971 in
293 2913 443 2986 strophas
466 2913 734 2988 dispescerentur,
759 2913 828 2974 sive
852 2915 918 2974 bini
942 2914 1099 2975 alternive
1122 2913 1272 2974 versiculi
1293 2913 1327 2973 in
1350 2928 1416 2973 eas·

143 3013 218 3073 dem
253 3013 396 3087 syllabas
430 3029 599 3075 excurrere
636 3017 834 3088 cogerentur,
870 3016 939 3075 sive
972 3016 1035 3075 alia
1067 3016 1120 3075 111
1148 3014 1361 3088 qualicunque
1384 3014 1417 3074 in

144 3131 298 3176 numeros
317 3115 416 3175 nimis
436 3115 602 3189 simplices
621 3117 718 3188 atque
731 3116 916 3188 aequabiles
928 3117 1185 3177 introduceretur
1196 3116 1227 3175 id
1241 3117 1324 3189 quod
1337 3116 1418 3176 artis

144 3217 299 3278 metricae
312 3219 362 3278 est
374 3217 586 3292 principium:
608 3218 802 3278 varietatem
819 3218 958 3279 dicimus
970 3219 1067 3279 certis
1078 3218 1204 3291 legibus
1216 3218 1416 3278 adstrictam.

189 3319 250 3380 Sed
274 3319 363 3379 nulla
386 3319 571 3379 huiusmodi
596 3318 733 3379 artificia
756 3321 891 3393 requirit
916 3321 1106 3382 hexameter
1130 3320 1332 3380 Homericus.
1357 3319 1418 3378 Hic

146 3422 206 3482 sibi
234 3420 355 3481 sufficit
377 3421 477 3495 solus,
503 3435 578 3480 nam
603 3422 637 3480 in
661 3437 696 3481 se
719 3421 787 3495 ipse
811 3422 908 3482 habet
931 3423 1124 3483 varietatem
1146 3421 1237 3481 illam
1262 3435 1326 3494 qua
1348 3420 1418 3481 sine

144 3538 198 3583 ars
221 3524 362 3584 existere
386 3524 506 3596 nequit.
532 3522 697 3596 Dactylico
722 3525 826 3584 metro
849 3525 977 3599 incipit:
1011 3523 1180 3584 intercedit
1207 3537 1352 3598 caesura,
1377 3555 1417 3565 -

145 3625 259 3687 exinde
287 3627 493 3700 anapaestico
517 3626 628 3686 tenore
652 3624 749 3685 finem
774 3626 865 3700 petit.
889 3627 990 3687 Lento
1014 3626 1188 3698 sedatoque
1211 3639 1327 3698 gressu
1351 3639 1418 3697 pro·

145 3727 238 3803 cedit,
272 3743 349 3787 mox
379 3727 499 3787 laetius
531 3727 683 3786 exultans
715 3728 754 3786 ad
783 3727 907 3787 exitum
933 3728 1091 3802 properat.
1116 3726 1200 3786 Hinc
1223 3726 1307 3784 inter
1330 3740 1417 3786 seve·

69 3879 72 3885 .
146 3828 246 3888 riores
277 3829 481 3902 dactylorum
513 3844 610 3901 sonos
641 3830 872 3904 hilarioresque
904 3832 1098 3904 anapaestos
1122 3828 1286 3888 alternans
1310 3829 1419 3902 captat

146 3944 241 3989 aures
271 3945 373 4004 neque
405 3946 547 4004 unquam
573 3931 698 4007 fatigat,
724 3932 770 3991 ita
794 3935 830 3991 ut
853 3932 1027 3992 hodiernus
1051 3944 1177 4003 quoque
1200 3930 1301 3990 lector
1322 3928 1418 3990 liben-

146 4033 196 4091 ter
219 4032 336 4092 dixerit
360 4033 426 4091 vati
451 4033 602 4106 antiquo:

389 4131 442 4190 καί
462 4127 486 4191 κ’
512 4129 649 4193 ἐνιαυτὸν
673 4129 729 4211 ἐγὼ
752 4132 833 4212 παρὰ
857 4127 948 4212 σοίγ’
976 4129 1144 4210 ἀνεχοίμην.

191 4235 311 4294 Eadem
344 4235 455 4294 autem
479 4237 548 4295 arte
573 4235 745 4309 exquisita,
770 4251 851 4308 quae
875 4236 1070 4295 Graecorum
1095 4233 1261 4307 ingenium
1286 4235 1327 4294 ad
1351 4250 1417 4294 mu·

146 4351 201 4395 sas
236 4336 429 4396 excolendas
463 4340 577 4396 natum
611 4336 808 4397 luculentius
838 4352 937 4410 quam
969 4334 1056 4396 aliud
1089 4334 1245 4408 quidlibet
1267 4335 1416 4408 testatur,

147 4437 312 4497 scenicum
347 4439 460 4511 postea
491 4453 623 4497 versum
655 4440 852 4497 exornarunt
882 4439 915 4498 11
939 4438 979 4498 ad
1004 4437 1110 4496 varios
1134 4451 1214 4496 usus
1237 4436 1418 4496 formarunt

147 4537 298 4601 habilem.
334 4539 464 4600 Iambos
499 4554 592 4599 sume
627 4554 723 4600 senos
754 4540 939 4613 mediosque
971 4540 1030 4600 hos
1062 4537 1261 4613 syllabarum
1290 4537 1417 4600 ordines
