3120 5124
141 418 153 488 ἓ
171 419 193 488 Ἰ]
725 421 766 477 43

142 607 245 673 elisos)
280 601 313 679 ¹),
348 601 517 662 λούσασθαι
548 605 581 673 ²).
640 606 689 665 Ad
732 605 844 677 quales
884 606 1147 678 quaestiunculas
1185 600 1381 663 dirimendas

143 705 251 764 uultum
284 705 372 764 valet
405 707 565 780 metrnm;
593 721 671 766 nem
703 707 732 765 si
762 708 977 780 diphthongus
1008 724 1025 767 e
1056 707 1273 767 contractione
1304 704 1381 762 nata

143 807 241 880 saepius
284 808 318 866 in
360 808 425 867 arsi
467 809 614 883 occurrit,
657 823 757 867 unam
796 809 897 868 fuisse
936 809 1096 882 syllabam
1139 809 1171 867 in
1209 807 1379 880 poetarum

144 908 224 981 lingua
256 909 329 969 inde
367 911 512 984 constat;
548 910 599 969 sin
640 912 793 984 perpetuo
832 911 865 970 in
906 912 992 970 thesi
1026 912 1184 985 reperitur
1213 907 1379 980 collocata,

144 1009 228 1069 itaut
256 1010 348 1070 salva
382 1026 416 1070 re
451 1012 587 1071 metrica
621 1012 725 1085 possit
755 1011 854 1071 dividi
888 1012 921 1071 in
959 1012 1040 1072 duas
1077 1012 1220 1085 syllabas
1254 1010 1379 1082 breves,

145 1110 194 1168 veri
222 1111 389 1172 admodum
421 1112 528 1172 simile
568 1115 618 1173 est
661 1115 773 1187 poetas
807 1115 979 1185 utramque
1012 1114 1156 1173 vocalem
1190 1112 1379 1185 siugulatim

144 1213 290 1284 protulisse.
315 1214 492 1274 videantur
513 1214 650 1274 Nauclrii
669 1215 912 1287 disquisitiones
933 1216 965 1274 in
987 1216 1058 1275 Mel.
1072 1215 1264 1275 Grecorom.
1281 1210 1378 1270 ll-IV.

146 1313 264 1374 Attamen
306 1331 370 1376 non
409 1331 509 1389 usque
545 1332 582 1376 eo
618 1316 705 1376 valet
736 1317 815 1377 haee
849 1318 931 1376 ratio
966 1319 1002 1376 ut
1036 1332 1151 1377 omnes
1181 1313 1379 1390 diphthongi,

146 1428 204 1485 quae
233 1417 262 1476 in
297 1417 368 1477 sola
396 1418 482 1477 thesi
513 1418 620 1478 locum
660 1419 836 1494 obtineant,
871 1419 1054 1478 necessario
1084 1417 1284 1478 divellendae
1315 1415 1382 1472 sint

145 1516 283 1579 editoribus
313 1519 493 1592 hodiemis;
524 1519 626 1579 immo
658 1519 838 1579 multorum
862 1521 1091 1580 vocabulorum
1121 1535 1160 1580 ea
1183 1521 1234 1579 est
1256 1517 1380 1577 indoles

146 1620 172 1674 ut
193 1620 334 1690 quaedam
366 1635 476 1680 eorum
506 1619 650 1692 syllabae
678 1623 735 1680 aut
765 1620 799 1680 in
823 1622 888 1680 arsi
912 1623 1041 1681 tanturn
1067 1620 1235 1680 commode
1257 1617 1383 1692 possint

146 1718 257 1780 collocari
298 1724 356 1781 aut
394 1722 426 1781 in
470 1723 564 1795 thesi,
602 1722 633 1782 id
668 1723 752 1795 quod
786 1724 907 1797 optime
943 1723 1179 1783 demonstravit
1218 1717 1380 1791 Ludwich‚

146 1818 191 1879 vid.
215 1837 303 1897 snpra
333 1838 404 1897 pag.
438 1826 489 1885 24.
523 1825 637 1897 Itaque
669 1827 706 1885 ut
740 1825 836 1885 liceat
864 1826 956 1885 nobis
986 1824 1112 1885 solvere
1142 1838 1239 1883 voees
1270 1820 1382 1894 quales

146 1921 202 1979 luni
225 1923 362 2001 Ἀτρείδης
394 1926 444 1994 (cf.
476 1927 494 1994 ἓ
520 1927 582 2000 76),
611 1920 721 2002 Ὠρίων
752 1929 782 1983 Σ
805 1926 868 1987 486
901 1929 973 2002 etc„
1007 1922 1111 2004 ἐγχείη,
1134 1922 1271 2001 ἀληθείη,
1293 1925 1381 1981 πολυ-

146 2021 239 2102 ηρίείη,
269 2034 453 2104 σκηπτοῦχος
489 2027 562 2096 (vid.
598 2043 670 2102 pag.
707 2029 770 2102 40),
802 2043 865 2087 non
900 2028 982 2087 satis
1015 2031 1066 2087 est
1097 2028 1286 2087 observasse
1316 2039 1381 2083 me·

146 2123 384 2201 nonnusquam
408 2128 536 2188 obstare
560 2130 733 2201 quominus
757 2129 935 2205 solvantur,
959 2130 1016 2189 sed
1040 2130 1128 2202 prius
1152 2125 1382 2188 consideranda

152 2228 188 2284 est
210 2230 282 2290 ratio
321 2245 385 2303 qua
418 2230 577 2290 formatae
613 2233 698 2290 sunt.
732 2232 912 2291 Homerum
943 2231 1042 2303 igitur
1065 2231 1234 2291 edentibus
1264 2229 1381 2288 diaere-

146 2338 199 2386 seos
221 2331 345 2404 signum
383 2346 447 2391 uon
487 2347 677 2392 concessum
713 2335 867 2406 putamus
902 2333 935 2391 iu
976 2334 1108 2392 vocibus
1139 2331 1252 2401 αἰδοῖος
1285 2333 1383 2399 κοῖλος

151 2429 212 2500 θεῖος
246 2432 387 2509 Ἀθηναίη
429 2436 501 2507 ete,
543 2449 742 2507 quamquem
783 2451 846 2495 non
881 2450 1039 2508 negamus
1072 2435 1141 2494 fleri
1168 2433 1312 2509 potuisse
1347 2432 1384 2489 ut

151 2526 250 2592 divisim
278 2535 390 2593 tamen
422 2534 581 2595 eiusmodi
609 2537 821 2610 diphthongos
843 2537 1092 2610 pronunciarent
1114 2537 1174 2611 ipsi
1198 2536 1311 2608 poetae
1335 2546 1382 2592 eo·

151 2641 256 2706 rumque
277 2635 440 2708 aequales.

183 2834 203 2892 h
226 2837 426 2912 diphthongis
456 2840 550 2900 modo
581 2842 740 2916 tractatis,
772 2843 804 2901 in
837 2843 952 2914 quibus
979 2842 1080 2901 vocali
1104 2841 1220 2901 radicis
1244 2839 1291 2898 ita
1308 2837 1383 2922 sub·

150 2931 264 2998 iunctum
287 2943 337 3000 est
360 2942 427 3001 iota
450 2942 486 3000 ut
508 2941 641 3001 dubium
672 2944 819 3003 videatur
844 2945 954 3002 utrum
979 2944 1122 3017 integras
1146 2944 1249 3003 adhuc
1273 2940 1386 2999 habea·

151 3046 205 3094 nne
228 3042 366 3113 syllabas
395 3044 476 3103 duas
506 3058 547 3102 an
576 3044 609 3101 in
640 3059 740 3103 uuam
776 3045 1000 3118 confluxerint,
1034 3045 1173 3104 multum
1205 3043 1388 3115 discrepant

150 3134 262 3205 syllabae
290 3143 324 3202 in
355 3144 471 3216 quibus
502 3145 684 3205 contractio
716 3146 745 3204 id
779 3147 886 3206 effecit
916 3150 953 3205 ut
984 3161 1088 3206 novus
1111 3161 1210 3205 sonus
1234 3146 1387 3218 oreretur,

150 3235 179 3293 ab
196 3244 305 3304 utravis
328 3246 442 3321 vocali,
464 3247 618 3319 equibus
639 3248 838 3321 compositus
859 3250 918 3322 est,
939 3248 1096 3323 diversus
1118 3263 1187 3320 eg.
1202 3245 1388 3320 diphthongi

149 3334 291 3418 longeque
313 3347 441 3408 vocales
464 3368 489 3406 ει
509 3368 541 3406 ευ
555 3368 702 3424 ovaque,
726 3365 766 3408 ex
790 3357 888 3423 e-i-e‚
911 3356 1010 3423 a-l-0‚
1034 3356 1137 3423 o-l-0‚
1160 3355 1263 3421 a-i-s,
1287 3353 1390 3419 e-l-a,

148 3447 219 3506 e÷0
245 3450 348 3523 natae,
380 3462 525 3521 quaeque
556 3449 587 3509 id
622 3464 724 3521 genus
756 3451 833 3508 suut
857 3449 929 3509 alia.
954 3450 1060 3509 Huius
1084 3463 1209 3521 quoque
1232 3447 1279 3507 rei
1301 3450 1389 3507 certa

148 3547 267 3620 exempla
295 3549 327 3608 in
359 3550 557 3609 carminibus
590 3550 774 3610 Homericis
806 3565 870 3610 non
898 3553 1029 3610 omnino
1052 3551 1284 3623 desiderantur,
1308 3549 1388 3607 atta·

149 3652 203 3703 men
226 3647 315 3724 longe
345 3651 504 3725 plurimae
535 3651 669 3727 formae,
704 3653 737 3711 in
771 3653 887 3724 quibus
918 3653 1102 3712 huiusmodi
1126 3652 1304 3712 contractio
1326 3665 1388 3709 cer·

147 3852 210 3901 ³5³9
225 3876 236 3903 r
252 3861 289 3906 27.
307 3862 480 3919 Sequeremur
493 3861 636 3907 Neuokium
655 3862 677 3906 si
696 3862 758 3906 satie
777 3860 851 3907 nobis
868 3861 997 3907 constaret
1011 3874 1025 3906 e
1040 3860 1172 3905 vocalibus
1189 3869 1257 3910 a÷a
1275 3864 1389 3906 eontrac-

145 3932 185 3977 ἴδω
197 3949 245 3984 ease
260 3939 448 3999 diphthongum
466 3940 594 4000 adieetivi,
611 3954 661 3987 non
679 3940 841 4000 productioni
859 3940 1077 4000 eompensatoriue
1098 3939 1187 3985 deberi
1193 3958 1199 3995 ;
1218 3941 1265 3993 δῖος
1281 3942 1349 3986 certe
1359 3953 1390 3986 ex

145 4003 207 4069 Mle·
219 4019 316 4076 prodiit.

171 4090 219 4148 ¹lSi
242 4103 305 4145 xiiio
330 4113 362 4145 ex
389 4093 488 4146 alif-io
514 4099 616 4158 prodiit,
639 4113 696 4145 oum
715 4099 840 4145 adiectivo
858 4112 904 4144 suo
925 4099 1022 4143 verbali
1040 4098 1185 4157 diducatur,
1203 4097 1228 4143 id
1247 4097 1314 4156 qnod
1332 4111 1390 4156 per-

142 4173 203 4225 lsstno
224 4176 276 4222 fieri
292 4179 385 4237 potest
403 4178 447 4224 Sin
466 4178 599 4236 productio
617 4176 776 4237 suppletoria
795 4178 896 4237 peperit
915 4177 1104 4236 diphthongum
1126 4196 1152 4231 ει,
1170 4177 1238 4235 qnod
1257 4177 1314 4223 eoll.
1333 4178 1391 4224 δαίω

141 4252 196 4296 nete
218 4258 263 4301 eto.
287 4259 417 4315 putemus,
443 4269 491 4302 uon
518 4256 688 4303 divellendum
714 4271 770 4303 esse
789 4257 873 4315 quivis
891 4257 1032 4314 intellegit;
1051 4258 1083 4301 ef.
1102 4256 1213 4314 Vegrinz
1231 4256 1391 4302 Grammatik

141 4325 160 4372 d.
174 4329 231 4379 born.
250 4335 377 4381 lialelrtes
395 4349 420 4394 p.
441 4337 481 4381 40.
988 4380 992 4389 ,

167 4405 185 4469 ²)
199 4411 222 4457 Si
245 4417 294 4459 leo
321 4417 478 4461 contractum
504 4418 544 4460 est
569 4429 600 4461 ex
625 4410 727 4478 lolf)s·,
755 4415 920 4461 distrahenda
938 4418 977 4461 est
997 4414 1104 4473 syllaba,
1128 4414 1206 4471 idque
1223 4416 1323 4460 tautum
1342 4428 1391 4460 uon

139 4489 241 4536 omnibns
263 4491 324 4539 loeis
350 4493 405 4539 lieri
429 4494 490 4539 sinit
519 4497 642 4550 metrum;
669 4495 719 4539 vid.
744 4495 832 4553 5295.
850 4495 901 4540 Sed
919 4495 963 4552 qui
979 4496 1073 4553 putant
1091 4507 1122 4539 ex
1139 4494 1224 4539 radice
1244 4499 1284 4541 tou
1302 4496 1390 4542 netum

137 4577 186 4612 esse
201 4573 275 4617 lobon«
293 4577 321 4618 ut
337 4580 420 4619 καῦσαι
439 4587 470 4619 ex
487 4591 550 4633 auu,
569 4574 755 4633 diphthongum
776 4575 910 4621 nobiscum
928 4574 1077 4632 relinquent
1094 4574 1226 4620 intectam.
