3120 5124
152 386 248 471 itt]
759 403 801 462 aa

168 576 274 648 iterur
296 592 334 663 1);
365 589 544 664 positivum
574 604 701 664 quoque
731 588 820 670 λᾶρός
851 592 1066 653 diducendum
1098 609 1180 670 esse,
1205 595 1413 655 Homericam

174 682 239 750 iiim
268 692 418 752 adiectivi
452 692 592 752 formam
627 708 699 753 esse
733 692 846 772 λᾶερός,
880 709 900 754 a
929 695 1035 755 radice
1061 672 1413 771 accumulatum

175 784 292 869 efficitur,
327 809 432 866 neque
465 796 608 855 metrum
644 796 753 855 obstat
788 796 961 868 quominus
991 798 1144 871 perpetuo
1175 799 1223 858 ita
1254 798 1414 858 scribatur

174 891 266 960 (Pola
291 897 402 958 Τ316
427 919 448 975 μ
471 897 534 958 283
558 897 573 970 ξ
597 898 682 968 408).
708 897 753 958 ds.
779 898 796 968 ἕ
823 899 895 959 139.

197 1093 282 1178 tal.
309 1100 404 1161 Matri
430 1116 529 1162 causa
558 1117 615 1176 pro
645 1100 742 1175 longa
773 1102 911 1163 habetur
942 1103 1068 1176 syllaba
1090 1103 1224 1164 initialis
1246 1105 1412 1167 vocabulo·

157 1215 230 1277 rum,
264 1217 347 1276 quae
379 1203 536 1278 incipiunt
569 1218 589 1263 a
619 1203 722 1263 tribus
753 1204 888 1277 syllabis
919 1205 1071 1265 brevibus
1102 1208 1257 1280 sequente
1287 1207 1413 1281 syllaba

153 1317 228 1376 quae
250 1305 320 1365 sive
342 1307 460 1366 natura
483 1306 553 1365 sive
575 1305 734 1379 positione
759 1305 855 1380 longa
879 1307 931 1366 est
957 1303 990 1376 ²).

188 1406 356 1467 Metricam
386 1408 469 1468 hanc
495 1406 671 1483 licentiam,
697 1408 789 1468 cuius
812 1408 974 1482 permulta
997 1409 1030 1468 in
1054 1410 1192 1470 dictione
1215 1410 1305 1485 epica
1328 1427 1413 1486 repe·

144 1507 272 1567 riuntur
305 1508 466 1584 exempla,
501 1509 612 1568 textus
647 1509 786 1568 traditus
820 1510 853 1569 in
889 1510 1082 1583 quibusdam
1115 1512 1280 1572 vocabulis
1312 1512 1413 1573 oculis

143 1611 296 1686 ostendit,
328 1611 361 1670 in
392 1609 465 1670 aliis
495 1610 542 1670 ita
573 1609 774 1670 oblitteravit
805 1612 843 1671 ut
871 1611 1027 1673 lectorem
1058 1613 1152 1673 facile
1175 1614 1279 1687 possit
1301 1614 1412 1675 latere.

142 1709 325 1771 Verborum
359 1703 541 1771 ἆπονέεσθαι
574 1714 607 1771 et
641 1701 775 1782 ἐπίτονος
809 1727 891 1785 quae
922 1713 966 1773 sit
994 1714 1078 1774 ratio
1108 1729 1205 1774 nemo
1228 1730 1292 1775 non
1315 1716 1414 1792 videt,

140 1813 199 1873 sed
224 1814 335 1873 minus
359 1814 470 1888 aperta
493 1814 544 1873 est
566 1812 664 1872 metri
686 1814 866 1874 necessitas
889 1815 923 1874 in
948 1816 1080 1899 vocibus
1101 1811 1245 1894 ἠνεμόεις,
1264 1815 1416 1895 εἰλάτινος,

138 1912 371 1992 πουλυβότειρα,
403 1931 480 1976 nam
512 1915 628 1976 harum
660 1930 786 1988 quoque
818 1916 961 1990 syllabas
991 1916 1134 1977 initiales
1163 1933 1277 1978 revera
1299 1918 1414 1979 breves

139 2031 217 2077 csse
241 2017 426 2079 accuratius
449 2019 582 2079 demum
601 2032 671 2077 rem
690 2018 897 2091 perpendenti
917 2020 1059 2093 apparet.
1080 2018 1153 2079 Una
1165 2021 1277 2080 tamen
1289 2021 1413 2081 eadem·

138 2133 206 2190 que
230 2117 301 2192 lege
326 2119 460 2180 ethaeo
483 2120 516 2180 et
537 2118 601 2179 alia
623 2118 785 2192 permulta
808 2121 970 2179 tenentur.
996 2119 1193 2194 Quapropter
1215 2122 1308 2181 unice
1327 2124 1413 2182 recte

140 2219 298 2280 scribitur
320 2212 465 2297 ἄνεμόεις,
487 2210 628 2296 imorcer,
649 2218 855 2299 πῡλυβότειρα.
877 2221 944 2281 Nos
968 2236 1050 2294 quae
1074 2221 1137 2282 huc
1157 2223 1319 2296 pertinent
1338 2239 1414 2284 cum

141 2321 305 2394 corrigere
338 2320 499 2382 vellemus
529 2324 655 2396 cuncta,
686 2335 706 2380 a
733 2321 843 2382 littera
865 2345 899 2399 η-
919 2326 1031 2382 tamen
1055 2337 1173 2382 manus
1196 2324 1414 2384 abstinuimus

140 2423 358 2494 quantumvis
388 2423 491 2498 inviti,
523 2423 587 2484 vid.
619 2439 691 2498 pag.
724 2425 783 2498 39;
817 2424 873 2484 sed
903 2439 959 2499 pro
983 2444 1018 2482 ει--
1047 2427 1200 2498 perpetuo
1223 2445 1250 2484 ε-
1273 2426 1412 2485 restitui-

142 2538 232 2598 muS,
256 2525 289 2583 et
308 2545 338 2582 a
361 2540 418 2599 pro
441 2545 492 2583 ov·
516 2524 568 2584 vel
591 2546 637 2584 ω-.

189 2625 320 2686 vocalis
343 2631 376 2684 ἅ-
398 2627 572 2700 productae
595 2626 746 2700 exempla
768 2628 862 2686 sunt:

193 2729 223 2796 1)
258 2715 421 2804 dodoau,
453 2715 612 2804 intueor,
646 2716 799 2804 sacratu
834 2727 911 2787 Hes.
944 2727 1036 2801 oper.
1073 2729 1124 2802 ao,
1157 2720 1271 2805 torota,
1303 2732 1412 2790 Paua

145 2827 252 2903 6704,
276 2816 414 2900 disiecti)
432 2850 450 2887 κ
463 2829 538 2906 493,
562 2821 705 2904 ἀνέφελος
724 2830 741 2900 ζ
758 2831 801 2889 45
821 2830 854 2905 ³),
876 2822 1018 2907 oiftfdxoc
1038 2830 1071 2886 N
1089 2831 1129 2888 41
1152 2830 1251 2899 (codd.
1273 2829 1413 2911 αὐίαχοι),

180 3048 200 3115 ¹)
217 3052 282 3099 Item
300 3053 366 3109 aliis,
383 3064 448 3111 quos
464 3051 523 3097 vide
540 3051 609 3111 apud
627 3051 736 3098 schulze
754 3051 857 3106 Quaest.
875 3051 922 3111 Ep.
940 3064 966 3111 p.
986 3053 1026 3098 26.

178 3127 200 3195 ¹)
218 3131 289 3179 Inter
302 3145 387 3188 voces,
403 3144 469 3190 quae
485 3131 534 3178 hoc
555 3131 612 3178 loco
628 3133 777 3186 tractantur,
794 3131 932 3177 nonnullae
950 3134 1010 3177 sunt
1027 3144 1092 3190 quas
1109 3143 1159 3176 non
1176 3131 1319 3191 producere
1336 3132 1413 3190 sylla·

143 3211 205 3258 bam
230 3212 342 3272 brevem,
369 3211 415 3258 sed
436 3212 558 3258 intactam
581 3224 684 3257 servare
705 3211 831 3269 syllabam
854 3224 920 3269 quae
938 3211 1001 3257 alias
1018 3211 1044 3256 in
1062 3211 1149 3269 lingua
1167 3211 1302 3257 Homerica
1320 3212 1414 3271 corripi

142 3292 236 3346 soleat.
252 3292 398 3352 suspicetur
415 3291 550 3352 quispiam.
568 3291 693 3350 Exemplo
710 3292 761 3337 sint
776 3286 882 3354 Πρΐαμος
896 3293 922 3337 et
938 3292 1081 3356 Πρῑαμίδηςι
1097 3292 1207 3350 longene
1222 3294 1277 3337 erat
1295 3292 1414 3352 primitus

142 3369 244 3430 syllaba
261 3377 317 3436 Πρι-
333 3385 364 3418 an
383 3371 484 3418 brevis?
499 3370 573 3426 Quod
591 3372 635 3430 qui
654 3373 727 3429 rogat
744 3371 767 3416 si
778 3370 844 3417 scire
862 3371 934 3430 cupit
950 3384 1076 3430 quaenam
1094 3371 1172 3417 huius
1190 3370 1303 3430 syllabae
1313 3372 1414 3430 quanti-

142 3454 184 3498 tas
203 3451 281 3498 inerit
297 3464 360 3498 aevo
377 3451 574 3511 antehomerico,
589 3449 774 3510 respondemus
788 3462 834 3496 nos
848 3450 875 3495 id
887 3451 1000 3506 nescire;
1016 3452 1038 3497 si
1047 3452 1149 3509 longam
1160 3451 1220 3497 olim
1232 3450 1312 3495 fuisse
1322 3450 1415 3495 collata

142 3531 248 3578 Aeolica
262 3531 339 3577 huius
354 3530 464 3577 nominis
478 3530 559 3576 forma
571 3529 695 3595 Πέρραμος
703 3530 841 3589 contendit,
856 3543 905 3576 non
923 3529 1099 3588 obloquentes
1110 3530 1141 3576 de
1151 3531 1233 3589 ipsius
1241 3543 1302 3576 vero
1311 3531 1415 3576 Homeri

141 3611 233 3670 lingua
258 3609 474 3669 interrogantibus
497 3608 613 3655 videmur
636 3609 762 3655 affirmare
780 3622 856 3669 posse
878 3607 965 3655 breuem
982 3613 1043 3655 tunc
1061 3610 1184 3668 temporis
1201 3609 1289 3655 fuisso.
1308 3610 1372 3655 Nam
1394 3611 1415 3655 si

141 3691 222 3750 longa
239 3691 330 3737 luisset
347 3689 388 3735 vel
406 3702 509 3748 anceps,
526 3688 589 3734 nihil
606 3687 726 3733 obstabat
743 3689 879 3747 quominus
896 3688 922 3733 in
940 3689 990 3733 arsi
1008 3688 1050 3734 hic
1069 3689 1121 3734 illio
1147 3689 1314 3734 collocaretur
1330 3689 1413 3746 prima

140 3769 243 3828 syllaba
260 3769 370 3815 nominis
386 3768 489 3824 Priami,
507 3769 580 3813 onius
598 3768 769 3814 nominativus
787 3771 813 3813 et
830 3768 992 3814 accusativus
1010 3768 1046 3813 ita
1065 3769 1105 3814 vel
1130 3767 1232 3813 facilius
1254 3769 1336 3812 metro
1353 3766 1413 3812 dac-

141 3850 223 3908 tylico
248 3849 325 3896 inseri
351 3849 506 3908 potuissent;
531 3850 558 3893 at
580 3848 680 3893 nonnisi
704 3849 729 3893 in
745 3847 812 3894 thesi
831 3849 969 3908 comparet,
990 3847 1058 3893 unde
1077 3846 1252 3905 intellegimus
1269 3849 1371 3903 poetam
1389 3846 1415 3890 in

141 3930 195 3976 arsi
214 3929 340 3976 collocare
357 3927 469 3975 noluisse
487 3927 614 3985 syllabam
633 3932 690 3990 Πρι-
709 3927 758 3973 nisi
776 3930 858 3973 metro
876 3930 1006 3982 coactum
1032 3926 1140 3985 cogebat
1157 3929 1243 3972 autom
1260 3927 1371 3971 metrum
1389 3925 1415 3969 in

141 4010 330 4072 patronymico,
347 4021 398 4054 non
415 4007 523 4066 cogebat
539 4008 565 4052 in
582 4008 685 4053 nomine
703 4007 814 4066 proprio.

176 4089 236 4136 Tali
262 4087 482 4147 argumentatione
508 4086 609 4145 singula
630 4086 754 4132 vocabula
776 4098 842 4144 quae
859 4086 910 4132 huc
933 4086 1064 4145 pertinent
1081 4086 1141 4130 sunt
1159 4082 1325 4137 diudicanda;
1344 4086 1370 4128 et
1389 4083 1414 4128 in
1438 4123 1441 4130 .

140 4171 222 4228 louge
247 4167 366 4228 plurimis
388 4169 486 4213 certum
509 4167 605 4212 exitum
621 4166 700 4212 habet
717 4166 781 4212 haec
798 4167 923 4225 quaestio,
941 4165 973 4211 de
991 4163 1146 4224 quibusdam
1168 4166 1254 4209 tamen
1275 4176 1347 4208 snam
1366 4161 1415 4207 sibi

140 4251 256 4310 quisque
272 4246 419 4308 opinionem
435 4245 560 4301 servabit;
578 4245 629 4292 vid.
646 4259 713 4305 quaa
730 4246 762 4292 de
780 4246 895 4304 epitheto
912 4237 1040 4303 ἔνοσίγαιος
1056 4243 1248 4290 observavimus
1264 4243 1290 4287 in
1309 4243 1322 4299 ξ
1342 4243 1381 4287 38.

177 4324 200 4385 ³)
218 4328 300 4374 Etiam
332 4324 491 4385 duplicatum
518 4343 530 4370 ν
555 4324 659 4371 defendi
685 4327 783 4384 potest:
809 4326 931 4385 ἀννέφελος
951 4319 999 4385 (ita
1022 4323 1114 4380 codd),
1136 4323 1171 4367 its
1188 4325 1217 4368 ut
1234 4322 1266 4367 ad
1283 4322 1297 4379 ὅ
1317 4322 1347 4367 27
1366 4321 1415 4367 hoo

140 4408 299 4455 adjectivum
317 4407 453 4467 pertineat.

176 4487 346 4546 Reliquorum
376 4499 438 4533 vero
468 4485 598 4532 nominum
625 4484 657 4531 ab
687 4485 763 4543 alpha
793 4484 919 4543 privativo
948 4483 1110 4540 ordiendum,
1136 4494 1202 4539 qnae
1227 4480 1304 4527 modo
1329 4481 1415 4527 attuli·

140 4581 214 4626 mus,
239 4566 364 4626 syllabam
391 4565 514 4612 initialem
541 4579 590 4611 non
616 4564 735 4610 libertate
758 4565 859 4623 poetico
883 4563 930 4610 scd
955 4563 1081 4623 positione
1101 4561 1252 4621 productam
1270 4573 1335 4620 esso,
1360 4563 1415 4606 orta
