3120 5124
755 406 819 466 204
1248 406 1266 477 5
1287 407 1332 483 60,
1349 408 1396 480 61]

192 592 330 652 Omnino
353 594 463 652 autem
483 592 707 666 improbamus
726 593 909 667 opinionem
930 606 1042 653 eorum
1064 589 1086 668 ¹)
1107 593 1164 666 qui
1183 594 1297 667 putant
1312 591 1394 653 muto

146 693 245 754 latius
289 694 388 754 etiam
427 695 538 769 patere
571 694 706 767 genitivi
740 695 774 755 in
807 715 856 754 -οο
892 693 1043 754 exeuntis
1078 693 1270 769 dominium,
1301 707 1392 767 nempe

146 795 248 856 sicubi
272 795 398 869 syllaba
421 795 528 856 finalis
550 817 602 855 -ov
625 796 659 855 in
683 797 768 857 thesi
793 797 868 855 ante
892 794 1040 855 vocalem
1064 796 1212 869 correpta
1235 795 1392 870 reperiatur,

146 897 351 958 scribendum
383 912 456 958 esse
481 892 572 973 -ο’(ο),
596 898 740 971 itemque
763 918 812 956 -οο
835 897 868 957 in
892 895 978 957 thesi
1001 898 1078 956 ante
1101 911 1278 958 consonam
1298 892 1392 969 simpli·

143 1012 225 1073 cem,
250 1014 277 1059 a.
301 1014 331 1072 g.
356 995 388 1058 ἐκ
412 993 505 1059 Πύλο’
532 996 630 1059 ἐλθών
654 1003 683 1058 Α
709 1001 783 1074 269,
807 995 918 1077 πατρὸς
951 991 1026 1072 φίλο’
1055 995 1091 1056 αἶ’
1110 1018 1161 1057 κεν
1185 994 1298 1081 ἀκούσῃ
1317 1019 1334 1056 ο
1352 995 1394 1069 94,

143 1098 192 1158 roo
216 1093 244 1157 δ’
271 1097 355 1159 ἔκλυε
379 1103 408 1159 Α
431 1103 484 1177 43,
514 1101 635 1162 δείισνοο
667 1100 856 1178 πασσάμενος
887 1122 907 1158 u
934 1100 1007 1160 124.
1033 1098 1124 1159 Talia
1147 1100 1270 1173 partim
1291 1094 1396 1159 lnutlia

144 1199 303 1274 ducimus,
334 1203 452 1275 partim
485 1204 602 1264 vitium
634 1218 749 1264 sonare
773 1204 938 1277 putemne,
967 1215 1044 1261 nam
1068 1200 1218 1275 correptio
1240 1203 1306 1261 οολο
1324 1194 1400 1275 mltos

145 1300 218 1360 bam
248 1302 365 1378 duam,
397 1305 526 1376 qualem
558 1305 769 1365 admisissent
793 1305 907 1379 poetae
931 1303 964 1362 ln
988 1316 1048 1362 aua
1071 1302 1219 1362 carmina
1240 1302 1270 1362 si
1290 1299 1405 1362 recitas

144 1406 219 1462 sent
249 1397 340 1462 lliio'
373 1420 429 1478 pro
459 1406 585 1483 Πύλοιο,
615 1407 698 1467 alias
730 1408 780 1467 est
810 1405 966 1466 inaudita.
990 1403 1031 1464 nt
1052 1404 1102 1464 vel
1127 1403 1175 1464 sic
1199 1403 1295 1465 multi
1315 1404 1414 1464 ramat

144 1505 223 1564 nent
256 1504 391 1577 genitivi
424 1507 457 1565 in
489 1529 540 1568 -ov
570 1508 766 1583 desinentes,
798 1507 853 1581 qui
884 1506 984 1567 nullis
1016 1506 1141 1566 artibus
1164 1506 1300 1581 possunt
1321 1481 1427 1564 solda

144 1621 172 1666 e.
193 1621 223 1679 g.
247 1613 300 1665 τοῦ
332 1603 383 1665 καὶ
414 1603 473 1666 ἀπὸ
504 1607 636 1686 γλώσσης
660 1612 690 1667 Α
714 1609 789 1684 249,
813 1615 866 1668 τοῦ
890 1606 1028 1687 θυγάτηρ
1052 1629 1071 1665 α
1095 1608 1148 1683 55,
1174 1600 1222 1666 ded
1250 1591 1434 1685 οἰγλήενσθς

141 1702 291 1785 Ὀλύμιιοο
322 1712 352 1768 Α
376 1711 450 1786 532,
482 1726 584 1785 neque
616 1711 727 1783 negari
758 1711 859 1784 igitur.
878 1712 987 1784 potest
1010 1724 1086 1770 vere
1110 1708 1320 1769 Homericum
1339 1692 1434 1766 aa?

144 1810 321 1870 terminum
352 1832 413 1870 -ov.
445 1811 533 1888 Quod
563 1813 592 1871 si
624 1811 818 1887 conceditur,
850 1811 967 1871 suadet
992 1811 1075 1871 ratio
1098 1812 1136 1870 ut
1159 1811 1302 1871 intactus
1325 1789 1434 1869 10116

144 1912 262 1983 quatur
285 1912 338 1972 ubi
361 1914 489 1974 nonsit
513 1914 680 1974 molestus.

189 2013 276 2090 Quae
299 2014 539 2089 disputavimus
563 2016 626 2074 huc
649 2016 801 2075 redeunt:
834 2014 970 2088 genitivi
993 2014 1026 2074 in
1051 2011 1235 2074 Homericis
1258 1999 1434 2087 duplica!

146 2130 219 2176 esse
251 2115 402 2191 formam,
432 2136 493 2174 -οιο
525 2117 557 2175 et
588 2137 650 2192 -ov,
672 2115 786 2190 prioris
814 2116 925 2175 autem
948 2114 1080 2175 termini
1103 2113 1219 2175 multis
1241 2112 1321 2175 locis
1342 2087 1434 2173 olid!

146 2216 305 2290 syllabam
326 2216 467 2293 finalem,
488 2218 574 2279 haud
594 2219 640 2278 ita
659 2218 771 2292 paucis
790 2218 870 2278 locis
890 2218 923 2277 in
944 2216 1029 2277 thesi
1045 2216 1160 2291 corripi
1171 2215 1400 2291 paenultimam
1426 2219 1434 2255 ὲ

188 2415 210 2499 5
240 2416 299 2484 60.
323 2420 431 2480 Dativi
453 2420 587 2495 pluralis
606 2420 767 2482 terminus
790 2425 903 2492 οισιλν)
928 2421 1003 2481 elidi
1022 2421 1140 2495 potest,
1160 2418 1200 2480 cf.
1222 2420 1241 2489 5
1263 2419 1321 2493 13,
1342 2433 1369 2479 e.
1383 2431 1434 2492 a,

321 2515 395 2580 roio’
421 2515 531 2582 iltioni
558 2516 698 2601 ἑτάροισ,
721 2521 751 2581 οἳ
773 2516 819 2599 iip’
846 2520 926 2604 αὐτῷ
949 2517 1064 2582 ἕποντο.
1101 2542 1116 2579 r
1142 2521 1216 2582 196.

318 2616 430 2700 ’λεῖβον
454 2615 481 2681 ‹i’
509 2619 687 2683 ἀθανάτοισι
710 2616 808 2683 orout
835 2619 1033 2705 αἰειγενέτῃσι.
1096 2621 1116 2700 β
1140 2622 1216 2682 432.

188 2725 304 2785 Paucis
335 2724 414 2785 locis
444 2745 503 2795 -οις
534 2727 610 2785 ante
641 2739 818 2786 consonam
848 2725 1016 2800 reperitur,
1048 2723 1103 2797 qui
1126 2723 1298 2797 postmodo
1321 2723 1434 2798 igitur

143 2827 220 2886 sunt
243 2826 343 2886 additi
365 2828 424 2886 aut
446 2827 583 2901 mutati;
616 2827 655 2887 ci.
679 2827 697 2896 5
722 2829 773 2888 57.
800 2828 921 2900 Aptum
943 2824 1131 2899 exemplum
1151 2824 1285 2898 praebat
1304 2839 1419 2886 versut

144 2927 176 2985 a
201 2929 274 3004 759,
306 2928 359 2988 ubi
391 2943 467 2988 vera
497 2929 592 2990 lectio
624 2920 702 2999 οἷσ(’)
733 2925 870 3007 ἀγανοῖσι
900 2924 1033 3007 βέλεσσιν
1064 2927 1097 2986 in
1122 2925 1256 2987 scholiis
1278 2940 1417 2988 commo·

143 3031 299 3105 moratur,
330 3030 455 3103 integra
488 3032 598 3091 autem
622 3032 771 3105 superest
795 3031 828 3091 in
851 3045 971 3106 papyro
994 3028 1199 3090 Banlresiano
1222 3029 1256 3089 et
1279 3029 1314 3089 in
1336 3028 1418 3090 codi-

141 3132 231 3191 cibus
261 3130 354 3191 Vind.
383 3133 416 3191 et
447 3132 578 3207 stuttg,
608 3132 751 3207 plerique
783 3148 858 3193 vero
890 3132 1016 3193 codices
1048 3131 1165 3191 vitiose
1193 3130 1351 3192 exhibent
1373 3122 1420 3191 οῐσ

141 3228 267 3310 ἀγονοῑσ
296 3228 451 3308 βελέεσσιν.
482 3232 660 3294 videantur
683 3235 783 3294 etiam
807 3248 889 3306 quae
913 3234 946 3293 in
969 3233 987 3302 5
1012 3233 1054 3292 97
1079 3233 1119 3293 de
1142 3231 1293 3294 lectionis
1318 3232 1419 3295 varie-

142 3334 210 3393 tate
233 3355 250 3391 ιι
275 3335 338 3396 288
361 3333 488 3393 σοι’σύεσι
511 3334 691 3395 velaretis
713 3335 884 3396 observata
909 3337 995 3395 sunt.
1025 3333 1176 3394 illisionis
1200 3334 1333 3407 signum
1356 3334 1419 3410 plo·

142 3434 250 3507 risque
272 3435 353 3496 locis
372 3436 528 3496 omittunt
551 3437 686 3512 codices,
711 3436 763 3497 hic
785 3436 852 3497 illic
876 3438 988 3497 tamen
1011 3435 1159 3496 additum
1182 3436 1315 3512 babent,
1339 3451 1369 3499 e.
1389 3450 1418 3511 ς.

141 3530 292 3615 μεγάροιό
318 3536 351 3597 in
376 3537 557 3599 Genevensi
582 3535 610 3602 Ξ
630 3539 705 3599 485.

184 3738 372 3799 accusativi
392 3740 497 3802 Dorici
516 3741 548 3801 in
568 3763 615 3812 -ος
638 3742 825 3817 desinentis,
848 3756 945 3814 quem
965 3740 1120 3814 praebent
1141 3754 1169 3800 e.
1182 3753 1213 3812 g.
1233 3737 1418 3812 Epicharm.

142 3839 179 3901 fr.
212 3856 240 3914 p.
268 3841 331 3901 268
363 3841 499 3902 Lorentz
528 3841 588 3919 σός,
610 3844 768 3904 Theocrit.
801 3843 883 3902 190
913 3842 941 3900 V
973 3842 1025 3916 84,
1052 3842 1126 3916 106,
1152 3841 1226 3915 109,
1253 3840 1329 3916 112,
1356 3841 1418 3902 114

141 3937 292 4020 παρθένος
317 3941 513 4019 οισιμοιόκος
535 3944 625 4016 λύκος
649 3948 721 4021 etc,
746 3944 830 4019 apud
854 3944 1034 4004 Homerum
1056 3942 1145 4003 nulla
1164 3944 1243 4003 sunt
1263 3943 1418 4018 vestigia3

143 4045 199 4104 sed
229 4045 261 4104 in
290 4044 368 4105 Hes
399 4044 485 4105 Scut.
518 4047 582 4105 302
615 4046 734 4119 legitur
764 4043 862 4124 λαγός.
888 4044 933 4104 cf.
959 4045 1099 4118 quaein
1124 4045 1142 4114 5
1167 4045 1207 4105 bl
1234 4044 1419 4105 observavi·

142 4162 216 4207 mus
238 4147 277 4207 de
299 4147 423 4221 primae
446 4147 671 4208 declinationis
694 4147 892 4209 accusativis
915 4147 948 4207 in
972 4151 1023 4217 -ύς
1047 4145 1252 4208 exeuntibus.

183 4344 205 4427 ὅ
237 4347 287 4413 61.
319 4350 492 4428 vocabula,
528 4367 610 4425 quae
638 4352 748 4412 Attica
780 4352 939 4413 dialectos
967 4350 1138 4426 contrahit,
1167 4348 1201 4408 in
1235 4349 1419 4412 Homericis

176 4577 196 4646 ¹)
215 4581 271 4628 vid.
289 4582 318 4630 L.
337 4583 424 4642 Meyer
441 4581 583 4642 gedringte
600 4582 685 4642 Vergl.
703 4596 728 4644 p.
748 4583 788 4629 28.
