3120 5124
749 449 813 508 552
1301 445 1330 516 [5
1352 446 1407 505 324

143 638 229 712 darn,
261 651 324 710 qua
347 636 381 696 in
403 635 567 708 integrum
590 634 782 694 restituatur
805 648 915 694 rerum
939 635 1046 693 status
1070 632 1124 706 qui
1148 632 1210 693 fuit
1232 633 1328 706 ante;
1355 631 1409 692 vid.

145 741 163 796 l
186 739 249 798 120
272 738 307 795 Π
328 738 370 798 54
394 756 407 795 ε
431 735 496 796 349
520 736 580 796 etc.

189 916 218 975 2.
253 913 351 975 πάλίν.
382 915 472 975 Idem
507 913 596 975 valet
629 916 713 988 quod
747 910 802 989 ίίψ,
833 917 923 988 reiro,
955 929 1059 987 neque
1090 927 1230 986 usquam
1263 914 1313 983 (ut
1335 912 1412 986 apud

142 1018 299 1091 posteros)
333 1032 354 1077 a
388 1030 486 1077 sensu
517 1014 612 1076 locali
643 1015 776 1075 deflexit
800 1015 840 1075 ad
863 1015 1030 1076 notionem
1053 1015 1272 1089 temporalem
1294 1015 1412 1088 τ’ίσνανα,

142 1119 251 1195 denua
289 1118 321 1178 id
354 1118 438 1191 quod
471 1117 602 1192 saepius
636 1117 850 1177 observarunt
884 1116 1085 1177 Aristarchei
1120 1117 1251 1202 propter
1284 1117 1413 1177 verbum

143 1223 172 1279 A
201 1222 243 1281 59
271 1218 361 1279 πάλιν
392 1215 596 1298 πλαγχθέντας
628 1219 667 1279 de
691 1219 803 1279 τλτναλα
826 1219 1029 1293 expeditione
1053 1233 1222 1293 perperam
1246 1233 1266 1278 a
1290 1218 1412 1292 quibus·

142 1322 218 1382 dam
252 1321 332 1382 olim
366 1322 545 1396 acceptum.
581 1320 645 1380 Vix
677 1321 862 1396 discrepant
890 1341 913 1378 π
944 1321 1008 1379 456
1040 1318 1129 1378 πάλιν
1154 1311 1273 1396 ’ποίησε
1296 1315 1414 1398 γέροντα

141 1439 255 1484 ruratio
286 1422 356 1498 fecit
388 1438 492 1482 eonem
527 1422 591 1496 (qui
622 1423 729 1483 fuerat
758 1423 854 1497 ante),
879 1424 906 1479 Δ
930 1423 993 1481 357
1019 1442 1037 1478 ν
1061 1421 1125 1480 254
1149 1418 1241 1478 ποίλιν
1255 1413 1412 1491 ...λάζετο

142 1529 244 1602 μῦθον
278 1525 427 1584 revocavit
461 1525 588 1600 dicium,
623 1524 640 1582 l
671 1526 713 1585 56
740 1522 831 1582 πάλιν
853 1519 950 1601 ίερίει
972 1522 1159 1599 obloquatur,
1181 1521 1238 1582 ubi
1261 1522 1414 1597 particula

141 1625 241 1701 πάλιν,
275 1627 312 1686 ut
339 1622 396 1701 ίίψ,
426 1625 465 1686 de
489 1626 695 1686 restitutione
720 1626 753 1685 in
775 1627 949 1701 integrum,
974 1625 1012 1684 de
1037 1624 1078 1683 iis
1102 1638 1184 1697 quae
1209 1622 1332 1685 iniecta
1352 1623 1414 1683 red·

141 1729 271 1804 duntur,
294 1728 449 1802 usurpata
472 1728 532 1788 est.
547 1761 588 1771 -
602 1726 787 1802 composita
809 1729 887 1788 sunt
910 1725 1070 1805 παλίλλογα
1092 1729 1121 1783 Α
1143 1726 1218 1802 126,
1239 1721 1413 1802 παλιμπετές

143 1830 177 1886 Π
197 1829 260 1888 395
285 1848 299 1887 ε
323 1829 375 1904 27,
397 1826 576 1906 παλίνορσος
594 1831 629 1909 ΙΓ
648 1831 701 1905 33,
734 1827 912 1889 παλίντονον
944 1825 1050 1899 (τόξον)
1077 1826 1102 1886 Θ
1126 1828 1191 1888 266
1215 1827 1291 1901 eto„
1314 1829 1412 1903 παλιρ-

143 1928 250 2008 ρόθιον
275 1933 375 2006 (κῦμα)
399 1950 412 1989 ε
437 1932 501 1990 430
525 1953 536 1988 ι
559 1931 634 2007 485,
657 1930 810 2002 παλίσκιος
833 1932 865 1991 h.
889 1930 983 1990 Mero.
1005 1931 1036 2006 6,
1056 1923 1196 2001 παλίωξις
1217 1929 1259 1987 Μ
1277 1929 1317 1988 71
1340 1929 1415 2000 etc.;

143 2030 233 2090 πάλιν
263 2026 468 2109 πλαγχθέντας
492 2034 521 2090 A
546 2032 599 2108 59,
622 2030 712 2090 πάλιν
738 2028 858 2111 ἀγρετός
882 2035 911 2089 Α
935 2032 1009 2107 526,
1032 2028 1122 2088 πάλιν
1149 2023 1266 2107 ὀρμέναν
1290 2033 1321 2089 Λ
1344 2031 1414 2104 326,

144 2132 234 2193 πάλιν
257 2131 319 2192 τιτοί
342 2155 361 2191 α
386 2134 450 2194 379
474 2133 494 2211 β
520 2134 582 2193 144
606 2134 783 2209 separatim
806 2134 913 2209 potius
936 2132 1105 2193 scribenda
1127 2131 1215 2192 sunt.

189 2314 220 2372 3.
255 2310 360 2389 σχεδόν
384 2326 492 2386 prope,
517 2311 667 2372 σοναίααα.
700 2306 770 2372 Hoc
791 2326 918 2385 quoque
941 2310 1130 2371 adverbium
1154 2312 1184 2379 (a
1205 2308 1308 2383 stirpe
1332 2309 1415 2370 verbi

144 2409 219 2490 ἔχειν
253 2414 397 2482 ductum)
432 2412 570 2473 localem
606 2428 702 2473 suam
737 2413 806 2473 vim
840 2412 1000 2473 illibatam
1037 2410 1181 2471 servavit
1212 2410 1246 2470 in
1280 2410 1415 2472 dictione

145 2513 328 2590 Homerica,
352 2513 522 2574 adhibetur
544 2514 643 2587 igitur
665 2515 705 2575 de
727 2514 768 2575 iis
792 2529 874 2588 quae
896 2515 968 2575 tam
991 2513 1068 2573 sunt
1091 2511 1198 2572 vicina
1223 2512 1261 2573 ut
1280 2513 1418 2586 contingi

145 2620 274 2688 queant.
311 2616 357 2676 De
390 2616 523 2676 laetante
554 2616 654 2693 clade,
687 2618 802 2693 morte,
834 2615 1042 2676 matrimonio
1074 2614 1197 2674 dictum
1225 2615 1278 2674 eat
1302 2614 1337 2672 N
1357 2614 1417 2674 317

147 2717 165 2795 β
197 2717 261 2777 284
293 2719 309 2789 ζ
339 2719 391 2794 27,
422 2717 606 2793 affinitatem
636 2718 798 2792 significat
827 2739 845 2776 κ
876 2718 959 2791 441;
982 2729 1145 2790 nusquam
1168 2730 1257 2792 vero,
1281 2717 1319 2775 ut
1340 2715 1419 2790 apud

147 2819 285 2895 Atticos,
310 2819 389 2878 abiit
411 2819 444 2878 in
467 2819 633 2880 notionem
652 2819 726 2895 sere,
747 2835 847 2894 paene
873 2818 903 2888 ¹).

192 2920 414 2994 compositum
439 2917 617 2996 αὐτοσχεδόν
641 2920 760 2994 legitur
782 2922 817 2978 H
838 2920 901 2980 273
926 2920 999 2994 etc,
1023 2933 1099 2978 cum
1122 2917 1239 2992 plurali
1261 2916 1420 2995 αὐτοσχελιί

148 3024 181 3080 Π
192 3023 255 3082 319
269 3023 318 3092 (ci.
332 3023 350 3092 ἓ
363 3022 448 3091 320).
473 3021 678 3082 Adiectivum
701 3038 773 3084 esse
794 3023 921 3083 videtur
945 3019 1064 3099 σχεδίην
1085 3022 1113 3078 Ε
1132 3021 1207 3098 330,
1230 3017 1421 3098 αὐτοσχεδίην

149 3126 188 3182 Μ
212 3124 273 3183 192
297 3125 369 3200 etc,
394 3122 451 3182 sed
475 3123 617 3183 adverbii
640 3123 748 3183 locum
771 3123 895 3183 obtinet
918 3119 1092 3204 αὐτοσχεδίη
1113 3121 1144 3180 0
1169 3122 1244 3183 510.

192 3303 222 3362 4.
258 3298 351 3378 ἑξείης
380 3300 529 3376 dameps.
568 3300 613 3361 Ut
644 3301 839 3376 praecedens
869 3299 1069 3375 adverbium,
1101 3299 1149 3360 sic
1178 3299 1240 3361 hoc
1271 3316 1292 3361 a
1321 3300 1420 3375 stirpe

148 3402 235 3463 verbi
269 3399 344 3481 ἔχειν
378 3402 512 3462 ductum
545 3404 605 3478 est,
640 3401 789 3476 designat
820 3403 933 3463 autem
964 3417 1046 3476 quae
1078 3401 1197 3461 seriem
1233 3403 1420 3463 continuam

146 3502 300 3563 efficiunt.
334 3502 464 3562 Leviter
497 3503 616 3564 inflexa
647 3504 777 3564 notione
809 3504 848 3564 de
879 3503 921 3562 iis
953 3518 1034 3577 quae
1066 3517 1103 3561 ατ
1133 3502 1242 3562 ordine
1273 3503 1422 3564 οόσαπίαν

147 3604 327 3664 adhibitum
359 3606 411 3664 est
443 3606 467 3661 Z
497 3605 558 3665 241
596 3605 621 3664 0
656 3608 717 3667 137
750 3607 782 3664 X
804 3606 869 3666 240
900 3608 915 3664 λ
942 3606 1004 3664 134
1029 3626 1049 3680 μ
1075 3604 1136 3664 177
1161 3625 1178 3681 ρ
1202 3606 1268 3665 450
1291 3619 1316 3682 ψ
1340 3605 1420 3678 281;

147 3708 319 3779 corruptus
344 3707 395 3765 est
419 3705 451 3763 Ω
475 3708 549 3766 274.

193 3806 364 3866 Contracta
398 3806 503 3867 forma
537 3803 614 3884 ἑξῆς,
644 3823 726 3880 quae
758 3809 791 3867 in
820 3807 997 3868 recentiore
1029 3807 1140 3880 lingua
1165 3806 1314 3884 obtinuit,
1338 3808 1420 3883 apud

147 3909 327 3967 Homerum
361 3922 424 3965 non
458 3909 566 3981 potest
597 3923 661 3968 non
693 3913 844 3983 suspecta
875 3923 965 3983 esse;
990 3907 1109 3982 legitur
1131 3910 1243 3968 tamen
1268 3924 1420 3969 versuum

146 4011 237 4070 initio
262 4010 279 4067 ὃ
303 4012 366 4068 449
388 4006 454 4086 ἑξῆς
474 4007 639 4086 ηὐναίζοντο
657 4014 690 4071 et
713 4011 730 4070 ὁ
751 4012 815 4072 580
836 4017 908 4083 (εἰ
936 4012 1009 4087 104,
1034 4010 1107 4087 180,
1128 4011 1203 4087 472,
1225 4012 1289 4070 564
1314 4011 1419 4087 pili)

146 4109 212 4188 ἑξῆς
247 4105 277 4169 δ’
315 4107 447 4186 ἑζόμενοι
485 4109 592 4189 πολιὴν
628 4111 684 4172 illa
714 4107 837 4174 ’τύπτον
872 4110 1009 4191 ἐρετμοῖς.
1045 4112 1115 4172 Illic
1155 4112 1295 4173 fortasse
1330 4108 1419 4188 ἑξείης

142 4207 272 4284 ’λέξαντα
308 4214 365 4271 aut
400 4207 537 4288 ηίίνηθεν
567 4213 639 4290 fuit,
671 4215 897 4275 formularium
926 4215 1038 4275 autern
1061 4229 1194 4274 versum
1217 4214 1276 4273 aut
1298 4227 1417 4287 nonup-

146 4316 217 4375 tum
253 4315 310 4372 aut
344 4313 520 4375 admodum
552 4318 716 4376 recentem
748 4332 820 4377 esse
857 4317 990 4390 apparet
1022 4316 1121 4375 etiam
1151 4313 1296 4375 edativi
1319 4313 1417 4374 forma

145 4419 313 4479 decurtata
336 4412 466 4495 ἐρετμοῖς
491 4416 539 4485 (oi.
564 4417 583 4485 s
608 4418 670 4481 soi.

153 4547 342 4554 -—..--—-

180 4621 200 4689 ¹)
219 4629 249 4671 M
267 4627 298 4672 53
316 4639 363 4672 vox
382 4625 470 4685 σχεδόν
487 4625 597 4672 molesta
613 4628 661 4673 est.
