3082 5100
787 379 852 437 440
1338 378 1368 448 [ἓ
1395 378 1458 438 192

184 568 260 626 riois
292 581 402 641 agens,
436 566 566 640 scripsit
596 565 737 624 Verbum
769 565 812 624 11²
836 580 865 639 p.
894 568 944 626 71.
972 566 1010 625 In
1040 566 1121 625 artis
1143 566 1379 639 grammaticae
1403 565 1461 624 illa

184 668 320 727 infantia
354 668 477 728 formae
520 667 628 741 opicae
669 666 826 740 prodiisse
868 667 1080 727 credebantur
1121 683 1138 728 e
1173 668 1306 728 vocibus
1339 667 1460 740 quibus

184 769 371 830 recentioris
405 769 477 828 aevi
512 767 624 828 Graeci
659 768 849 842 utebantur;
885 768 932 828 sic
962 768 1155 828 Aristoteles
1185 769 1303 829 Poetio.
1328 770 1383 843 21,
1418 767 1459 827 18

187 868 406 946 „inertiores”
435 869 585 943 exempla
608 869 702 929 vocat
724 870 857 929 nomina
880 869 1053 930 Homerica
1078 868 1256 946 Πηληιάδεω
1280 872 1313 929 et
1334 867 1460 944 πόληος,

184 974 217 1034 θλ
246 974 280 1032 in
311 972 411 1032 schol.
447 973 469 1028 Β
500 971 541 1030 87
574 969 737 1042 genitivus
768 968 932 1046 μελισσάων
962 985 1019 1044 per
1053 967 1246 1046 ,ἕπε’κτασιν”
1272 987 1289 1031 e
1313 974 1460 1046 μελισσῶν

183 1077 281 1135 natus
303 1090 377 1135 esse
400 1074 525 1134 dicitur.

228 1272 344 1356 3192.
375 1276 531 1350 Stirpium
563 1275 596 1334 in
626 1291 647 1334 o
677 1275 895 1336 desinentium
927 1277 1049 1337 vocalis
1079 1278 1112 1336 in
1143 1277 1252 1336 futuro
1277 1276 1461 1349 ceterisque

183 1378 382 1453 temporibus
406 1393 470 1438 non
494 1391 512 1435 α
536 1377 593 1437 sed
617 1398 636 1453 η
661 1376 756 1436 scribi
780 1376 875 1453 solet,
899 1393 927 1438 e.
951 1392 1000 1450 ga

317 1479 474 1557 πειρώομαι
497 1477 676 1555 πειρήσομαι
700 1473 900 1555 ἐπειρησάμην
925 1477 1103 1555 πεπείρημαι
1126 1476 1298 1555 ἐπειρήθην.

228 1581 440 1655 Excipiuutur
462 1582 525 1641 duo
547 1579 664 1640 verba:

231 1685 259 1742 1.
284 1675 390 1758 ἄμεναι
423 1683 451 1740 Φ
476 1684 515 1741 70
548 1681 598 1751 (cf.
623 1679 643 1755 ξ
668 1682 741 1749 195)
764 1681 889 1756 8adiard,
913 1681 973 1742 fut.
998 1674 1080 1740 ὕσειν
1104 1681 1175 1755 (leg.
1201 1673 1312 1757 ἆσὲμειῖ
1339 1679 1359 1757 ξ
1385 1683 1462 1751 125)

187 1788 215 1841 A
239 1785 313 1858 818,
343 1776 451 1841 ἄσεσθε
481 1781 514 1840 Ω
540 1784 613 1857 117,
645 1797 710 1842 aor.
742 1774 799 1864 ἄση
823 1784 853 1839 Σ
883 1783 957 1858 281,
981 1775 1084 1858 ἄσαιμι
1108 1783 1128 1840 Ι
1148 1784 1223 1858 489,
1247 1774 1317 1841 ἆσαι
1342 1784 1370 1840 Ε
1396 1783 1462 1844 289

185 1889 245 1946 etc.
261 1888 292 1960 ¹),
317 1876 449 1942 ἄσασθαι
474 1886 501 1942 Τ
521 1885 584 1943 301
598 1877 631 1952 ²).
658 1917 698 1925 -
722 1883 829 1943 Etiam
853 1883 976 1944 formae
996 1884 1150 1944 obscurae
1171 1887 1268 1957 atque
1288 1887 1462 1958 suspectae

185 1984 305 2045 ἑώσουσι
334 1986 353 2046 l.
379 2000 408 2045 a.
441 1987 473 2044 N
496 1988 570 2060 315,
603 1981 696 2062 ἕωμεν
722 1987 831 2045 Τ402
856 1986 922 2056 (vid
944 1984 964 2060 ξ
989 1987 1030 2060 8),
1054 1981 1156 2043 ἐλάσαι
1181 1988 1208 2043 Τ
1228 1988 1302 2061 423,
1327 1981 1424 2045 ἐλώειν
1448 2007 1462 2044 ε

186 2095 249 2153 290
281 2093 321 2152 ab
351 2093 411 2152 boc
443 2092 539 2152 verbo
570 2066 763 2166 repetendae
794 2091 945 2152 videntur
956 2094 989 2159 ³).
1021 2090 1134 2150 Brevis
1162 2092 1213 2151 est
1237 2090 1359 2150 vocalis
1384 2113 1404 2148 α
1428 2092 1462 2151 in

185 2187 266 2254 θετατ
296 2194 482 2264 sotioibdtor
513 2193 590 2253 Hes.
614 2194 701 2254 Sout.
731 2194 789 2252 101
816 2195 850 2252 et
871 2193 904 2251 in
929 2192 1088 2252 adiectivo
1111 2185 1200 2263 θατος
1223 2191 1410 2252 inootiobitis
1438 2194 1464 2249 Ε

187 2300 250 2357 388
283 2302 313 2355 A
344 2297 408 2356 430
440 2297 512 2369 etc,
545 2295 574 2354 si
604 2296 691 2355 recte
723 2295 770 2353 ita
801 2293 952 2353 scribitur
984 2309 1024 2354 ex
1055 2294 1088 2354 L.
1114 2293 1232 2367 Meyeri
1256 2295 1463 2370 auctoritate,

186 2412 263 2457 nam
288 2389 357 2467 ἆτος
381 2397 488 2456 estin
511 2397 605 2455 textu
627 2396 757 2456 tradito.

233 2499 262 2558 2.
288 2495 345 2557 ἐάω
360 2493 393 2572 ⁴),
416 2497 476 2557 fut.
501 2488 587 2572 ἕσσα,
609 2511 675 2557 aor.
700 2494 785 2555 εἴασα
809 2496 964 2570 (passim).

232 2701 329 2760 Verbi
351 2698 443 2777 βοάα,
465 2700 558 2760 cuius
582 2699 723 2759 aoristus
746 2694 858 2777 ἐβόησα
881 2700 1004 2773 passim
1025 2700 1173 2774 occurrit,
1196 2698 1322 2759 vocales
1345 2713 1382 2759 oo
1403 2705 1465 2778 (οη)

187 2803 299 2877 paucis
323 2802 513 2875 quibusdam
539 2800 618 2860 locis
642 2801 675 2859 in
700 2815 802 2860 unum
826 2815 940 2859 sonum
966 2800 1207 2860 confluxerunt:

233 2900 415 2980 ἐπιβώσομαι
439 2926 457 2961 α
482 2903 546 2963 378
571 2927 602 2947 =
625 2902 645 2978 β
672 2903 743 2962 143.

232 2999 426 3081 ἐπιβοισόμεθ
461 3006 488 3062 1(
512 3006 576 3063 4153
608 3005 635 3073 (λ
644 3003 743 3063 Arist.
776 2996 982 3078 ἐπιδωσόμεθ’)
1013 3005 1047 3063 et
1075 3006 1105 3061 X
1126 3005 1188 3063 254
1219 3003 1372 3077 (plerique
1397 2999 1462 3062 ἐπι-

189 3098 333 3182 δωσόμεθ’
360 3106 418 3165 aut
440 3101 632 3180 ἐπιδώμεθα).

234 3205 362 3284 βώσαντι
387 3208 428 3264 Μ
447 3208 509 3266 337
535 3204 667 3283 (flodovei
691 3206 724 3265 P.
745 3205 893 3278 ,Knightb

234 3307 321 3382 Quae
350 3308 524 3368 contractio
556 3309 589 3366 et
619 3306 702 3380 apud
735 3306 933 3367 Herodotum
966 3309 1017 3366 est
1048 3307 1312 3379 frequentissima
1343 3302 1467 3384 (ἔβασα,

190 3404 340 3485 ἐβώσθην,
370 3404 549 3486 βεβωμένος,
589 3408 670 3466 item
712 3408 835 3484 βωθεῖν,
865 3403 1063 3486 ἀλλογνώσας,
1099 3405 1240 3482 ἐννώσας,
1274 3404 1467 3489 ἐννενώκασι,

190 3505 334 3584 ἐνένωτο),
364 3511 397 3568 et
424 3507 507 3582 apud
530 3506 655 3567 Atticos
679 3508 836 3581 reperitur
859 3506 994 3584 (βασάτα
1018 3510 1117 3568 Arist.
1143 3510 1215 3569 Pac.
1243 3511 1337 3584 1155,
1361 3509 1465 3587 βῶσον

191 3608 308 3669 cratin.
330 3609 368 3669 fr.
394 3611 479 3683 396),
504 3622 607 3681 neque
631 3623 650 3667 a
673 3608 904 3669 recentioribus
928 3609 1091 3683 epicorum
1111 3610 1292 3670 carminum
1315 3611 1465 3684 partibus

190 3710 400 3770 abiudicanda
432 3711 484 3769 est
506 3711 591 3769 teste
624 3710 720 3769 verbo
751 3711 834 3783 quod
866 3712 940 3772 inde
962 3711 1090 3770 ducitur
1112 3712 1254 3789 βωστρεῖν
1277 3734 1298 3788 μ
1324 3713 1385 3771 124
1410 3714 1463 3783 (cf.

190 3808 343 3889 ἐλάστρεον
380 3803 512 3887 §28721
543 3811 686 3870 Eandem
718 3815 829 3872 autem
861 3813 1112 3873 contractionem
1143 3816 1248 3874 metro
1279 3814 1380 3874 invito
1408 3815 1463 3874 ali·

191 3914 317 3985 quando
339 3928 492 3988 perpessa
515 3915 566 3973 est
591 3928 655 3972 vox
675 3913 886 3991 βασταβοητην
908 3913 941 3972 Ω
965 3916 1038 3990 701,
1063 3930 1140 3974 narn
1164 3914 1331 3987 vulgatam
1355 3915 1463 3978 lectio·

190 4031 266 4076 nem
291 4011 481 4094 ἀστυβοώτην
504 4030 546 4074 ex
569 4011 742 4091 ἀσταβώτην
764 4017 964 4089 procrevisse
987 4017 1019 4076 in
1043 4014 1062 4089 ,S
1089 4018 1147 4075 191
1175 4015 1326 4076 vidimus.

280 4169 289 4173 -
306 4167 414 4174 Δ,ς---η

226 4234 243 4294 ¹)
261 4237 345 4292 Locis,
372 4235 415 4281 ubi
441 4234 531 4281 satiari
557 4234 685 4294 signifieat
711 4232 743 4299 (A
765 4237 813 4283 574
831 4235 900 4300 eto),
923 4232 975 4284 ἆται
993 4236 1131 4296 legendum
1150 4250 1207 4284 esse
1223 4238 1332 4285 coniecit
1348 4239 1462 4297 Ahren83

208 4317 240 4363 'd.
292 4317 348 4362 195.

190 4330 245 4460 Vl²)
259 4317 352 4442 gAliena
369 4395 429 4441 hinc
446 4398 487 4441 est
504 4395 585 4441 forma
602 4394 677 4440 ἄσατο
698 4398 721 4440 T
734 4396 774 4454 95,
793 4396 843 4454 leg.
864 4396 922 4442 ἄασε
941 4394 966 4458 (5
984 4392 1063 4460 287¹).

223 4471 245 4538 ³)
262 4474 400 4522 Beioiendu
418 4477 458 4521 est
475 4475 491 4520 Ι.
509 4489 531 4520 ι.
548 4477 618 4527 aava,
634 4486 681 4533 pro
698 4475 768 4527 ἐασας
784 4476 807 4520 Ω
826 4477 882 4523 551.

225 4552 245 4614 ⁴)
265 4555 304 4601 De
321 4555 465 4615 praesentis
484 4554 572 4600 formis
588 4553 696 4614 vitiosis,
715 4554 799 4611 qualis
817 4557 857 4601 est
875 4556 936 4601 εἰῶσι
953 4567 1001 4614 pro
1019 4558 1096 4601 ιάονσι
1114 4559 1135 4601 A
1154 4557 1211 4617 550,
1230 4557 1280 4603 vid.
1299 4557 1313 4616 β
1332 4557 1387 4604 191.
