3120 5124
146 396 165 466 5
190 397 266 468 315]
743 399 806 456 533

147 585 193 644 sit
228 584 431 645 mutandum.
468 582 529 644 Sed
563 598 762 657 quamquam
795 585 875 644 nihil
908 586 1043 647 inauditi
1075 589 1121 648 ita
1151 591 1358 651 inveberetur
1388 591 1420 650 in

147 687 280 748 textum
311 685 522 746 Homericum
547 681 635 763 (nam
661 686 779 745 elisum
802 681 887 764 npor'
914 688 1032 762 legitur
1054 690 1212 751 Theocrit.
1236 691 1330 750 XXX
1355 689 1420 768 25),

147 788 188 848 ab
209 789 279 849 arte
292 789 403 848 tamen
415 788 553 848 metrica
564 789 713 848 veterum
727 791 895 849 cantorum
908 790 1036 865 longius
1047 794 1080 852 ni
1093 793 1186 854 fallor
1196 795 1421 854 recederemus

148 888 220 948 ποτί
238 889 271 950 in
295 888 384 966 προτί
404 889 571 965 mutando,
596 889 769 950 immodice
798 891 883 950 enim
909 892 956 952 sic
977 897 1149 968 augeretur
1168 895 1258 969 copia
1277 894 1421 955 locorum

146 991 203 1051 ubi
228 1005 328 1051 sonus
350 989 457 1051 finalis
481 998 556 1051 ante
579 993 706 1051 mutam
731 1007 805 1052 cum
829 992 950 1066 liquida
972 1010 1029 1069 pro
1052 996 1141 1056 brevi
1164 995 1290 1069 syllaba
1311 1013 1420 1057 nume·

147 1096 240 1154 ratur
264 1090 316 1171 (cf.
340 1093 358 1162 1
382 1091 447 1170 251.

194 1195 330 1256 Formas
353 1197 462 1256 autem
487 1195 649 1256 elemento
671 1216 687 1272 ρ
711 1198 858 1256 carentes
881 1196 951 1256 ποτί
970 1196 1026 1257 adv
1048 1218 1118 1258 ποτ-
1141 1200 1315 1273 quominus
1334 1200 1422 1261 solas

148 1295 293 1357 Homero
312 1296 494 1357 tribuamus
512 1312 586 1356 oum
599 1297 682 1357 ratio
702 1298 820 1372 obstat,
842 1298 984 1358 vidimus
1004 1301 1092 1361 enim
1113 1316 1132 1361 a
1151 1302 1304 1376 principio
1321 1302 1422 1363 fuisse

146 1396 244 1476 προτί,
280 1400 351 1458 tum
386 1398 540 1473 metrum,
575 1412 639 1457 non
675 1398 761 1458 enim
797 1399 915 1460 desunt
945 1416 1060 1462 versus
1090 1403 1144 1462 ubi
1176 1403 1338 1464 elementa
1368 1424 1422 1483 πρ-

147 1500 308 1573 positione
341 1501 520 1574 producunt
550 1500 696 1559 vocalem
728 1501 984 1576 praecedentem,
1016 1517 1067 1563 ex.
1098 1517 1144 1576 gr.
1179 1505 1204 1560 B
1236 1506 1277 1564 59
1307 1503 1360 1562 καί
1388 1515 1423 1582 μὲ

147 1599 222 1680 πρὸς
247 1605 351 1679 μῦθον
373 1599 483 1678 ἔὶειπε,
505 1604 521 1659 t
547 1602 609 1660 143
634 1597 706 1660 οὐδὲ
729 1600 1022 1679 προτιμυθήσασθαι.

194 1705 310 1777 Itaque
340 1704 468 1764 constat
496 1703 669 1763 biformem
699 1704 733 1764 in
764 1704 902 1765 dictione
934 1706 1024 1781 epioe
1046 1708 1129 1767 hanc
1152 1709 1422 1783 praepositionem

149 1805 269 1865 fuisse:
300 1803 388 1882 προτί
416 1801 497 1882 (sive
524 1802 610 1884 πρός)
634 1806 667 1865 61
689 1804 766 1881 uoti,
788 1806 845 1866 sed
869 1806 1002 1868 dubium
1024 1810 1137 1869 manet
1160 1810 1321 1883 plerisque
1344 1811 1423 1871 locis

149 1908 259 1966 utram
291 1906 430 1968 formam
457 1909 552 1982 poeta
576 1907 774 1981 adhibuerit;
799 1909 958 1981 quaedam
982 1912 1094 1970 autem
1118 1927 1135 1970 e
1158 1912 1273 1971 multis
1296 1915 1425 1973 mutare

151 2008 220 2069 sine
244 2010 333 2069 certa
355 2008 437 2085 lege,
460 2008 492 2068 id
516 2009 713 2070 temeritatis
736 2009 828 2069 foret.

195 2250 226 2310 2.
261 2248 458 2323 Praepositio
488 2244 548 2307 ὑπό
577 2249 690 2322 paucis
720 2248 800 2308 locis
824 2248 954 2308 locativi
978 2246 1008 2324 (ξ
1031 2249 1084 2318 48)
1108 2249 1200 2322 siguo
1224 2272 1234 2308 ι
1257 2253 1354 2312 aucta
1388 2251 1425 2312 111

152 2347 233 2408 ὑπαί.
256 2349 327 2410 Vid.
352 2351 376 2407 Β
400 2350 465 2409 824
488 2351 517 2406 Γ
536 2350 598 2409 217
623 2354 654 2408 Λ
672 2351 736 2409 417
758 2354 801 2419 (=
824 2351 862 2407 M
881 2351 964 2425 149),
984 2350 1040 2409 ubi
1058 2347 1135 2409 ὑπαί
1153 2367 1230 2411 vera
1249 2353 1424 2413 adverbiali

151 2452 281 2512 notione
312 2451 400 2527 infru
431 2451 543 2511 utitur.
574 2450 709 2511 Adiecta
731 2466 816 2511 nova
838 2450 966 2524 syllaba
987 2451 1060 2511 inde
1083 2451 1206 2512 iactum
1231 2454 1282 2513 est
1304 2452 1423 2512 ὕπαιθα

152 2553 268 2613 0520
290 2555 320 2610 Σ
341 2555 403 2613 421
432 2554 460 2611 Φ
485 2554 559 2629 255,
584 2554 659 2628 271,
683 2553 748 2612 493
772 2555 804 2611 Χ
827 2554 899 2613 141.

192 2654 282 2714 Alibi
322 2650 400 2713 ὑπαί
437 2655 471 2715 in
505 2655 670 2728 inscriptis
705 2654 801 2714 metri
836 2669 935 2714 causa
969 2656 1021 2713 est
1054 2657 1237 2732 exaratum,
1272 2656 1329 2716 sed
1363 2652 1423 2716 ὑπό

144 2755 340 2817 restitutum
371 2757 423 2817 est
454 2758 511 2816 aut
541 2756 649 2830 potest
678 2756 823 2815 restitui:
854 2751 930 2813 ὑπαὶ
964 2754 1062 2826 δείους
1095 2740 1422 2833 (propter'ttmorem),

143 2854 220 2930 1636
249 2852 311 2916 ὑπὸ
341 2853 455 2932 (istaec,
484 2858 513 2915 K
538 2859 601 2918 376
635 2857 725 2926 (=O
756 2857 804 2930 4);
836 2852 911 2914 ὑπαὶ
938 2854 1036 2934 πόλιν,
1065 2857 1136 2931 1636
1166 2855 1226 2917 ὑπὸ
1256 2857 1368 2933 πτόλιν,
1390 2858 1422 2918 b.

142 2957 218 3019 Ger.
253 2958 334 3033 2723
365 2955 441 3017 11παὶ
470 2955 629 3037 λιπάροισι,
661 2958 732 3031 1636
762 2954 822 3017 ὑπὸ
850 2961 919 3033 lua,
944 2959 968 3015 Β
993 2961 1033 3017 44
1057 2958 1077 3036 β
1101 2961 1121 3019 4
1145 2961 1206 3020 etc.
1233 2994 1273 3004 -
1297 2959 1424 3019 Insoliti

141 3060 225 3135 quid
249 3060 347 3120 babet
371 3060 588 3135 compositum
612 3057 814 3118 ὑπαιδείδοαε
837 3059 869 3118 h.
894 3058 989 3119 llere.
1016 3060 1089 3120 165.

193 3301 225 3360 3.
259 3299 320 3359 Pro
350 3297 431 3378 παρά
461 3314 688 3373 nonnusquam
714 3298 810 3378 παραί
837 3300 927 3359 iacto
957 3299 1078 3360 dictum
1111 3303 1162 3361 est
1201 3301 1228 3372 (§
1264 3303 1327 3377 48),
1360 3300 1423 3361 vid.

143 3404 171 3461 Β
206 3403 268 3462 711
305 3403 333 3459 Γ
361 3402 424 3463 359
456 3403 536 3475 ο1ο.;
569 3402 649 3461 item
679 3402 711 3461 in
744 3402 975 3476 compositione
1007 3401 1203 3479 παραβάτης,
1233 3399 1425 3479 παραιβόλος,

139 3500 333 3581 παραίφασις
364 3503 434 3562 sive
457 3501 619 3580 πάρφασις,
642 3501 869 3580 παραιφάμενος
893 3502 925 3560 Ω
950 3504 1023 3578 771,
1047 3502 1286 3585 παραιπεπίθρσι
1309 3525 1326 3579 χ
1350 3503 1423 3576 213,

140 3608 415 3682 παραιπεπιθοῦσα
437 3601 466 3668 Ξ
485 3605 560 3665 208.

193 3692 470 3766 11111611116110116
500 3704 574 3764 κατά
604 3706 638 3764 in
668 3703 757 3763 καταί
786 3705 875 3780 abiit,
908 3705 1000 3765 cuius
1027 3706 1138 3765 tamen
1162 3704 1425 3765 conformationis

146 3821 252 3866 unum
274 3808 405 3866 tantum
430 3806 616 3880 exemplum
641 3805 802 3866 Homerus
827 3806 959 3880 praebet
981 3804 1157 3883 καταιβαταί
1178 3827 1196 3863 ν
1222 3805 1294 3864 110.

195 4048 225 4106 4.
257 4045 508 4120 Praepositionis
539 4043 579 4117 εἰς
611 4046 713 4105 altera
740 4045 845 4105 forma
869 4041 898 4115 ἐς
921 4045 954 4104 in
978 4043 1219 4118 exemplaribus
1242 4044 1425 4104 carminum

150 4146 314 4221 epicorum
346 4147 581 4207 circumfertur.
614 4147 665 4206 Ita
697 4148 807 4207 autern
835 4145 990 4219 distingui
1021 4145 1127 4205 solent
1149 4146 1209 4206 bae
1233 4144 1366 4220 formae,
1390 4153 1428 4204 ut

150 4245 191 4318 εἰς
221 4263 285 4308 non
317 4248 381 4307 nisi
412 4249 517 4308 metro
548 4249 682 4320 cogente
713 4248 882 4322 scribatur,
915 4242 944 4317 ἐς
976 4261 1051 4306 vero
1075 4246 1248 4307 Homerica
1270 4246 1428 4306 habeatur

151 4349 396 4425 praepositionis
427 4350 540 4410 forma.
576 4348 687 4424 Quivis
717 4349 829 4408 tamen
861 4346 1021 4420 intellegit
1051 4348 1098 4407 ita
1130 4363 1200 4407 rem
1223 4348 1340 4407 habere
1363 4361 1427 4407 non

151 4464 261 4525 posse;
282 4466 346 4512 non
367 4452 454 4511 enim
475 4449 516 4522 εἰς
537 4451 642 4511 forma
662 4450 800 4524 amplior
818 4464 859 4509 ex
881 4445 910 4520 ἐς
929 4449 1099 4524 procrevit,
1112 4449 1169 4508 sed
1181 4447 1426 4523 praepositionis

152 4549 200 4626 εἰς,
229 4567 313 4625 quae
344 4552 522 4612 secundum
553 4551 682 4624 linguae
709 4550 797 4624 leges
820 4565 861 4610 ex
885 4546 985 4620 ἔνθα)
1009 4549 1136 4624 prodiit,
1160 4551 1207 4609 ita
1230 4550 1426 4609 imminutus
