3120 5124
700 422 760 464 XXI

90 592 197 652 Ulixis
221 592 286 652 fuit
308 593 413 667 patria
435 598 463 657 1).
488 593 574 653 Alibi
598 596 709 654 autem
734 593 859 668 passim
883 593 1020 652 eundem
1041 607 1166 651 morem
1188 589 1365 650 obtinuisse

91 695 207 767 (Argia,
241 694 445 770 orchomeni,
478 695 605 770 Thebis,
635 696 772 755 Athenis
794 698 867 762 etc.)
892 694 1040 754 credibile
1064 695 1161 765 atque
1185 693 1263 751 adeo
1288 690 1365 749 veri·

91 795 199 855 simile
220 798 288 869 est;
311 811 414 869 neque
435 812 497 856 uno
518 797 549 856 in
570 797 639 856 loco
659 796 818 856 demorari
839 796 952 856 solitos
965 811 1036 855 esse
1049 794 1194 867 singulos
1207 794 1365 866 cantores

91 896 148 954 sed
183 895 282 956 libere
317 912 372 970 per
406 898 551 958 diversas
583 896 778 957 Graecorum
809 900 923 971 gentes
954 896 1199 969 circumvagari,
1230 893 1366 953 libenter

92 998 255 1058 oredimus
285 998 347 1073 ipsi
379 1001 502 1075 poetae,
536 1000 590 1072 qui
621 1020 637 1076 ρ
670 999 734 1059 385
765 999 849 1059 inter
876 998 991 1071 ξείνους
1025 1012 1156 1072 peregre
1191 996 1365 1055 adventare

91 1098 206 1158 solitos
229 1100 331 1160 etiam
354 1096 477 1172 ἀοιδοὺς
501 1101 779 1162 commemoravit.
1207 1089 1210 1094 ’

136 1201 198 1261 Sed
229 1202 269 1261 de
301 1204 430 1263 vetusto
461 1203 516 1264 illo
547 1219 627 1264 aevo
658 1203 737 1264 nihil
771 1203 923 1262 novimus
950 1204 1077 1276 praeter
1101 1215 1139 1260 ea
1161 1214 1244 1273 qnae
1267 1204 1364 1258 aute

93 1303 262 1363 ruderibus
304 1319 405 1379 nuper
439 1307 567 1366 effossis
603 1340 643 1350 -
680 1307 713 1366 in
747 1306 863 1379 quibus
898 1305 1078 1365 litteratum
1116 1303 1364 1362 monumentum

93 1408 258 1478 repertum
289 1408 340 1466 est
370 1406 496 1467 nullum
523 1411 644 1469 —aut
675 1425 716 1469 ex
745 1409 825 1482 ipsis
855 1407 1052 1467 carminibus
1076 1404 1257 1465 Homericis
1281 1401 1364 1462 effici

92 1509 239 1580 possunt.
272 1508 452 1581 Imaginem
482 1511 640 1586 temporis
669 1511 834 1586 praeteriti
866 1509 1009 1569 referunt
1044 1507 1197 1567 Phemius
1220 1506 1253 1563 in
1276 1503 1365 1577 regia

92 1609 256 1669 Ithacensi
278 1614 308 1680 (ο
336 1612 408 1685 154,
434 1613 497 1672 326
521 1632 538 1689 ρ
562 1613 625 1673 262
649 1635 665 1690 χ
690 1614 764 1681 330)
788 1613 821 1670 et
844 1610 1045 1670 Demodocus
1069 1609 1100 1667 ln
1123 1606 1271 1667 Scheriae
1291 1604 1365 1664 aula

93 1715 126 1779 (θ
158 1712 201 1770 44
232 1713 266 1770 et
290 1713 330 1771 73
361 1718 442 1785 sqq.)
473 1714 668 1788 principibus
698 1713 903 1787 epulantibus
933 1712 1086 1772 canentes
1107 1713 1146 1783 ²);
1181 1706 1363 1780 Thamyris,

91 1813 148 1885 qui
179 1828 254 1872 cum
284 1814 364 1887 ipsis
396 1814 496 1874 Musis
526 1817 649 1875 certare
681 1814 847 1885 sustinuit,
879 1828 899 1872 a
930 1811 1116 1872 Thessaliae
1145 1824 1219 1882 rege
1243 1808 1364 1880 Euryto

91 1914 231 1987 hospitio
253 1918 409 1989 exceptus
433 1931 506 1976 ease
530 1916 646 1976 dicitur
671 1917 694 1973 Β
718 1918 800 1989 596;
826 1929 970 1974 necnon
994 1910 1096 1982 ἀοιδὸς
1117 1907 1193 1988 ἀνήρ
1213 1913 1247 1984 ³),
1267 1924 1363 1982 quem

93 2017 317 2089 Agamemnon
349 2018 383 2076 in
409 2017 529 2077 bellum
561 2016 765 2092 proficiscens
788 2018 882 2076 uxori
907 2015 1184 2089 Clytaemnestrae
1216 2012 1365 2072 adiunxit

92 2121 130 2176 ut
154 2118 185 2176 ei
206 2133 226 2177 a
249 2119 391 2179 consiliis
414 2122 501 2179 esset
525 2124 552 2197 (y
577 2121 661 2194 367),
685 2121 826 2179 testatur
849 2118 969 2191 quanto
993 2117 1026 2176 in
1049 2116 1168 2175 honore
1185 2115 1263 2172 tunc
1284 2114 1362 2172 tem·

93 2220 181 2292 poris
204 2219 324 2280 inerint
347 2223 470 2296 poetae,
496 2221 557 2281 vid.
583 2221 722 2294 etiamn
749 2220 822 2281 518.

138 2320 191 2380 Sic
225 2321 348 2380 sensim
382 2323 513 2383 exculta
542 2325 593 2382 est
623 2337 676 2382 ars
707 2323 806 2396 epica,
838 2322 871 2380 et
902 2320 971 2393 ipse
1000 2332 1115 2378 versus
1146 2318 1293 2376 heroicus
1324 2331 1364 2375 ex

93 2420 234 2481 exilibus
253 2423 355 2482 initiis
375 2424 450 2483 talis
469 2425 585 2497 prodiit
603 2425 734 2498 qualem
752 2424 914 2483 novimus.
936 2421 1085 2493 Magnam
1105 2421 1216 2478 autem
1240 2418 1365 2490 copiam

92 2524 276 2583 carminum
297 2524 507 2599 heroicorum,
532 2541 614 2600 quae
634 2527 755 2585 maiore
772 2525 936 2584 minoreve
957 2524 1026 2581 arte
1048 2521 1225 2594 composita
1245 2523 1365 2593 essent,

92 2627 138 2684 ita
162 2627 275 2685 natam
295 2640 367 2686 esse
386 2629 420 2686 et
439 2644 495 2702 per
514 2629 682 2688 cantorum
704 2642 759 2687 ora
779 2627 1000 2700 propagatam,
1021 2622 1115 2682 iacile
1136 2621 1366 2694 intellegimus.

135 2726 198 2786 Illa
231 2728 339 2788 aetate
373 2728 435 2788 diis
469 2729 571 2790 indita
605 2730 683 2789 sunt
717 2729 931 2801 cognomenta
962 2724 1070 2797 qualia
1101 2725 1178 2783 aunt
1210 2720 1366 2799 copatione

92 2827 179 2899 Ζεύς,
189 2826 365 2887 Ποσειδάων
377 2828 516 2908 γαιήοχος
533 2828 707 2909 ἐνοσίγαιος,
719 2829 832 2907 βοῶπις
843 2827 949 2887 πότνια
960 2821 1051 2903 Ἥρη,
1062 2829 1231 2904 γλαυκῶπις
1243 2823 1366 2901 Ἀθήνης

91 2929 147 2988 illa
179 2930 286 2989 aetate
318 2928 460 3003 epitheta
482 2930 577 3002 πόδας
601 2928 680 3001 ὠκὺς
704 2929 856 3008 Ἀχιλλεύς,
878 2926 1078 3002 πτολίπορθος
1097 2920 1266 2996 Ὀδυσσεύς,
1289 2924 1365 3002 βοὴν

91 3029 210 3109 ἀγαθὸς
235 3028 389 3103 Μενέλαος
414 3033 541 3106 aliaque
565 3034 733 3108 eiusmodi,
758 3047 840 3105 quae
864 3033 969 3092 certas
994 3029 1032 3089 ob
1056 3043 1173 3088 causas
1195 3027 1367 3100 aliquando

91 3133 278 3206 excogitata
308 3149 381 3194 esse
412 3149 508 3195 nemo
540 3150 603 3195 non
635 3135 803 3209 intellegit,
828 3134 972 3193 itanum
997 3131 1181 3191 nominibus
1204 3130 1273 3188 suis
1297 3145 1364 3188 con·

92 3236 265 3294 creverunt
299 3238 337 3295 ut
371 3238 509 3311 posteris
544 3237 688 3310 integras
722 3236 870 3295 notiones
902 3233 1028 3293 efficere
1059 3231 1253 3305 viderentur,
1284 3246 1366 3303 qnae

92 3335 228 3409 passim,
260 3337 366 3409 prouti
396 3336 516 3397 ferrent
540 3352 696 3397 versuum
728 3336 865 3410 numeri,
898 3334 1046 3408 usurpari
1069 3333 1211 3407 possent,
1237 3332 1366 3391 etiamsi

93 3436 131 3496 de
165 3436 302 3497 Achillis
339 3438 508 3499 velocitate
544 3439 595 3499 vel
632 3437 767 3498 Menelai
799 3437 939 3497 clamore
972 3435 1085 3495 bellico
1120 3434 1242 3493 mentio
1277 3432 1368 3491 fieret

92 3538 186 3597 nulla
207 3536 239 3603 ll.
276 3523 439 3599 Necnon
473 3541 561 3600 illius
595 3541 667 3600 aevi
701 3538 981 3613 deprehenduntur
1016 3537 1153 3610 vestigia
1188 3536 1241 3596 ubi
1271 3540 1366 3608 poeta

126 3769 146 3833 ¹)
166 3772 308 3832 Odyaaaam
334 3774 371 3821 ibi
396 3779 482 3822 natam
508 3789 565 3822 ease
593 3776 654 3823 clim
681 3775 872 3822 arbitrabantur
898 3774 943 3832 qui
969 3773 1085 3819 Ithacam
1111 3772 1235 3831 Pylumvc
1261 3770 1366 3817 Homeri

90 3852 202 3911 patriam
236 3854 397 3914 statuebant;
431 3869 445 3900 ο
476 3855 662 3902 recentioribus
693 3855 815 3901 nominati
840 3855 917 3900 sunto
942 3853 1003 3900 Vico
1029 3859 1055 3902 et
1081 3853 1193 3900 omnium
1220 3855 1366 3911 postremus

89 3931 119 3978 0.
140 3933 232 3979 Seeck.

123 4006 143 4072 Ε)
163 4012 249 4058 Etiam
268 4015 293 4058 in
311 4013 380 4059 Iovia
400 4014 459 4060 aula
477 4018 553 4061 cantu
571 4015 747 4061 exhilarantur
764 4015 885 4060 convivae
904 4016 930 4060 A
949 4016 1006 4061 604.

121 4087 143 4151 3)
164 4091 265 4137 Vesano
290 4093 474 4154 interpretandi
501 4094 608 4140 artificio
635 4108 666 4140 ex
689 4094 737 4139 hoc
760 4096 863 4140 cantore
886 4091 1012 4154 spadonem
1037 4092 1102 4155 (ἀπὸ
1122 4092 1226 4152 αἰδοίων)
1249 4094 1365 4139 lecerunt

88 4171 206 4230 quidam.
226 4172 275 4218 vid.
293 4171 416 4220 scholion.

121 4250 142 4309 4)
164 4251 276 4298 Achillia
301 4253 400 4300 celeras
425 4252 505 4314 pedae
533 4255 644 4312 primum
667 4255 775 4300 sortasse
801 4253 897 4299 laudati
920 4253 1024 4299 suntin
1044 4254 1187 4298 narratione
1204 4253 1236 4298 de
1254 4253 1364 4298 Hectore

86 4334 156 4378 circa
180 4331 256 4378 urbia
279 4334 378 4379 moenia
401 4346 461 4380 eum
479 4335 602 4392 fugiente,
623 4347 689 4392 quae
716 4347 783 4379 nunc
800 4330 895 4392 legitur
913 4333 938 4378 in
956 4331 1021 4378 libro
1040 4336 1065 4377 X
1082 4330 1129 4391 (vs.
1151 4335 1204 4388 138,
1225 4334 1271 4377 188
1290 4326 1364 4393 etc.);

84 4413 128 4458 alii
157 4411 286 4470 auspicati
311 4417 371 4458 suut
396 4426 532 4472 superesse
558 4414 622 4459 illud
648 4414 780 4473 epitheton
807 4426 838 4458 ex
863 4412 1008 4469 antiquiore
1032 4412 1109 4458 stiam
1135 4424 1205 4472 aevo,
1229 4424 1280 4469 quo
1308 4411 1363 4469 ipse

84 4493 195 4553 mythrae
213 4490 247 4537 de
265 4490 388 4539 Thomala
405 4492 484 4539 heroe
502 4496 577 4540 natua
595 4496 643 4552 eat,
661 4506 762 4539 amnem
781 4492 898 4552 rapidum
917 4491 1038 4550 primitus
1056 4503 1086 4537 ec
1100 4491 1272 4548 significatum
1286 4490 1366 4535 fuisso

80 4573 192 4635 opinati.
222 4570 290 4618 Ulixi
314 4573 498 4630 expugnatoria
523 4575 719 4631 cognomentum
746 4572 808 4633 quin
838 4585 869 4616 aa
897 4571 987 4618 Troiae
1019 4569 1118 4617 excidio
1146 4570 1291 4617 adhaeserit
1318 4570 1359 4618 ria
