3120 5124
56 446 74 515 ς
97 442 173 514 326]
661 445 725 504 579

213 624 304 688 ύλλου
328 623 356 688 δ’
383 626 420 688 ού
444 651 492 689 τεν
515 630 607 690 ύοῑδα
631 638 680 690 τεῦ
705 627 750 688 διν
773 628 864 690 κλυτὰ
887 630 988 710 τεύχεα
1013 631 1086 708 δύω,

56 731 95 791 de
117 746 181 804 quo
205 747 403 806 quamquam
427 733 553 793 diverse
576 734 710 794 iudicari
730 735 847 810 potest,
872 734 904 794 id
923 735 980 794 vix
997 749 1016 795 a
1035 751 1197 809 quoquam
1218 736 1328 809 negari

55 848 150 907 posse
174 834 312 911 videtur,
336 833 474 895 moleste
498 835 660 896 abundare
683 831 730 893 dv.

98 1037 242 1110 Denique
277 1038 310 1096 in
344 1037 405 1097 hac
439 1037 666 1111 disputationis
701 1039 831 1098 nostrae
867 1039 958 1112 parte
989 1037 1172 1099 afferendus
1204 1040 1330 1100 videtur

58 1154 172 1199 versus
198 1140 227 1197 Φ
249 1140 324 1215 558,
347 1154 446 1212 quem
469 1154 544 1199 curn
567 1139 683 1200 vicinis
706 1140 889 1199 excribam:

214 1237 241 1299 ει’
263 1233 291 1298 δ’
316 1235 355 1297 διν
378 1237 434 1319 ἐγὼ
456 1239 580 1312 τούτους
603 1236 657 1319 μὲν
681 1237 918 1300 ὑποκλονέεσθαι
941 1236 1017 1299 ἐύσω

215 1340 348 1423 Πηλεΐδη
372 1344 487 1419 Ἀχιλῆι,
507 1339 596 1401 ποσὶν
621 1336 649 1400 δ’
675 1339 735 1401 ἀπὸ
758 1340 864 1420 τείχεος
886 1338 959 1424 ύλλη

214 1443 315 1521 φεύγω
338 1440 412 1521 πρὸς
435 1442 539 1502 πεδίον
559 1437 679 1521 Ἰληιον,
702 1437 782 1522 ὄφρ’
809 1438 855 1501 διν
878 1441 987 1518 ἵκωμαι

207 1540 289 1621 Ἴδης
312 1565 341 1603 τε
363 1543 497 1622 κνημοὺς
522 1543 596 1603 κακοί
620 1566 649 1604 τε
673 1543 791 1624 ῥωπήια
815 1543 887 1604 δύω.

56 1645 187 1720 Agenor
220 1646 396 1707 meditatur
430 1647 542 1721 fugam
577 1648 610 1706 in
644 1648 721 1707 Idae
757 1645 872 1718 saltus,
907 1646 963 1705 ubi
997 1648 1037 1707 ad
1069 1650 1197 1707 noctem
1228 1665 1331 1721 usque

57 1746 229 1808 delitescat
250 1749 283 1807 et
306 1748 441 1808 Achillis
464 1748 606 1808 furorem
629 1748 771 1821 effugiat.
803 1747 887 1807 Illud
912 1763 987 1807 vero
1011 1747 1114 1808 πεδίον
1133 1743 1243 1826 Ἰλήιον
1266 1752 1330 1810 ubi·

57 1863 135 1908 nam
167 1850 243 1908 est?
273 1849 448 1909 Iliacamne
475 1848 637 1922 significat
660 1849 854 1924 planitiem?
877 1849 913 1908 at
935 1848 1013 1908 illuc
1035 1866 1071 1910 se
1094 1852 1254 1925 proripere
1277 1854 1332 1925 qui

57 1950 171 2025 possit,
194 1950 228 2008 in
251 1965 315 2022 qua
337 1950 398 2010 hoc
420 1950 490 2024 ipso
512 1951 669 2024 temporis
692 1951 811 2024 puncto
841 1950 984 2010 incertus
1012 1952 1113 2011 animi
1137 1952 1269 2013 adstet?
1292 1954 1332 2013 st

59 2066 115 2111 cur
138 2050 179 2111 ad
202 2051 404 2111 indicandam
433 2051 525 2111 illam
547 2051 726 2127 planitiem,
754 2065 853 2124 quam
877 2066 991 2111 omnes
1014 2050 1046 2110 τὸ
1072 2051 1205 2130 Τρωικὸν
1228 2053 1332 2113 πεδίον

59 2151 231 2228 appellant,
267 2152 421 2212 vocabulo
456 2154 559 2213 utitur
592 2153 687 2228 plane
719 2153 887 2213 inaudito?
919 2151 1106 2213 correctum
1138 2156 1187 2215 est
1211 2149 1335 2231 Ἰδήιον,

58 2252 117 2313 hoc
149 2269 225 2313 vero
249 2255 301 2313 est
330 2253 458 2313 olavum
483 2253 575 2314 clavo
600 2253 771 2330 expellere,
795 2253 875 2314 nihil
899 2253 987 2313 enim
1011 2255 1058 2313 sic
1081 2255 1246 2315 lucramur
1269 2257 1332 2315 nisi

60 2353 272 2428 tautologiam
303 2370 436 2429 prorsus
466 2370 530 2414 non
563 2355 738 2415 ferendam.
771 2355 893 2414 Verum
923 2355 1050 2414 videtur
1072 2359 1161 2428 λεῖον,
1184 2372 1247 2429 quo
1272 2357 1332 2431 epi·

58 2455 149 2515 theto
179 2455 263 2516 hanc
294 2457 399 2530 ipsam
429 2456 609 2532 planitiem,
638 2473 721 2530 quae
744 2472 792 2516 vs.
818 2456 881 2515 602
906 2454 1079 2532 πυροφόρος
1103 2456 1229 2531 dicitur,
1250 2458 1331 2517 desi·

58 2559 136 2629 gnet
169 2556 313 2617 Achilles
348 2559 383 2615 Ψ
410 2558 473 2617 359
508 2557 558 2626 (cf.
593 2579 603 2615 ι
636 2559 699 2618 134
729 2572 788 2617 nec
818 2571 882 2616 non
915 2557 942 2612 A
965 2556 1029 2614 484
1066 2559 1100 2614 Ψ
1128 2558 1193 2617 330
1224 2578 1237 2615 ε
1268 2559 1332 2618 443

59 2680 78 2735 η
102 2657 166 2717 282
197 2680 215 2717 κ
241 2660 325 2728 103).
354 2659 391 2718 In
419 2672 497 2718 voce
521 2654 559 2715 διν
582 2673 658 2719 vero
682 2659 762 2719 latet
784 2659 819 2717 ni
845 2657 938 2717 fallor
961 2658 1202 2718 substantivum
1231 2655 1333 2738 ὅρκια,

58 2760 153 2819 sadus
188 2760 352 2836 montium,
402 2775 485 2832 quae
524 2762 710 2820 constanter
752 2761 818 2820 iere
853 2761 1102 2820 commemorari
1141 2761 1247 2821 solent
1279 2763 1332 2823 ubi

58 2860 237 2934 persecutio
268 2877 288 2920 a
318 2863 413 2935 poeta
451 2860 652 2937 describitur,
695 2861 758 2922 vid.
790 2862 820 2917 Σ
849 2861 911 2919 321
950 2861 982 2916 Χ
1016 2861 1079 2920 190
1116 2864 1149 2922 et
1183 2863 1331 2936 inprimis

57 2959 74 3018 δ
96 2963 235 3038 337=p
261 2963 340 3022 128:
366 2960 499 3038 κνημοὺς
524 2957 652 3044 ἕξερέησι
674 2959 724 3019 καλ
748 2958 839 3041 ύγκεα
862 2958 1013 3035 ποιήεντα.

98 3063 213 3135 Itaque
236 3062 339 3123 nostri
361 3061 424 3122 loci
445 3062 526 3122 haec
548 3063 674 3122 sincera
699 3063 858 3136 scriptura
881 3076 953 3121 esse
977 3063 1123 3124 videtur:

211 3161 239 3222 εί
261 3159 293 3222 δέ
315 3156 339 3221 κ’
366 3158 422 3242 ἐγὼ
442 3166 464 3233 ¹)
487 3163 610 3233 τούτους
634 3157 688 3240 μὲν
712 3159 949 3222 ὑποκλονέεσθαι
972 3159 1048 3222 λύσω

212 3263 346 3346 Πηλεΐδη
370 3266 488 3342 Ἀχιλῆι,
510 3260 599 3323 ποσίν
623 3258 652 3322 δ’
679 3259 739 3323 ύπδ
762 3262 868 3342 τείχεος
892 3260 965 3347 ύλλη

210 3365 313 3445 φεύγω
336 3362 411 3444 πρὸς
434 3365 539 3425 πεδίον
561 3368 680 3441 λεῖον,
703 3359 768 3443 ὄφρ’
795 3359 895 3445 ἄγκε’
922 3365 1030 3441 ἵκωμαι

205 3463 288 3544 Ἴδης
310 3487 339 3526 κε
362 3463 507 3543 κνημοὺς,
528 3464 602 3525 κατύ
625 3486 654 3524 τε
677 3464 795 3545 ῥωπήια
818 3466 889 3525 δύω.

57 3569 206 3644 Apparet,
229 3567 423 3643 particulam
446 3588 475 3626 τε
499 3569 573 3642 post
590 3563 671 3644 Ἴδης
695 3567 897 3642 collocatam,
921 3582 1002 3640 quae
1028 3568 1185 3628 hactenus
1204 3569 1329 3629 inutilis

57 3672 132 3748 erat,
164 3670 233 3730 iam
264 3683 361 3729 suam
384 3667 446 3728 sibi
469 3668 613 3728 obtinere
637 3668 714 3728 vim.
739 3667 864 3728 Vitium
887 3670 1011 3743 peperit
1034 3684 1134 3742 prave
1158 3671 1328 3731 verborum

58 3771 167 3832 divisio
200 3764 265 3849 ὄφρ’
299 3765 338 3828 dv
368 3789 401 3828 κε
431 3767 546 3846 ἵκωμαι.
578 3769 656 3829 Post
686 3764 765 3847 ὄφρα
797 3770 891 3829 donec
914 3769 1073 3828 omissum
1099 3772 1150 3831 est
1172 3791 1204 3829 κε
1229 3772 1330 3832 etiam

60 3873 148 3933 Asa
174 3873 213 3930 M
237 3871 299 3930 281
325 3870 376 3940 (of.
399 3885 471 3944 pag.
497 3871 582 3940 558).

576 4030 818 4038 —.—-——

101 4167 268 4230 Hactenus
299 4167 398 4241 igitur
429 4181 510 4240 quaa
535 4166 667 4240 probare
691 4166 810 4242 studui,
834 4167 897 4225 huc
916 4166 1067 4226 redeunt:
1093 4166 1233 4227 alienam
1257 4183 1329 4228 esse

66 4269 214 4345 elingua
245 4268 419 4329 Homerica
449 4267 641 4342 particulam
672 4263 727 4340 dv3
757 4267 926 4328 delendam
959 4283 1041 4344 esse,
1073 4270 1100 4328 si
1123 4271 1228 4343 possit
1249 4269 1328 4345 lieri,

69 4372 205 4433 omnibus
237 4370 318 4432 locis
348 4369 403 4429 ubi
433 4369 527 4430 hodie
561 4369 739 4444 reperiatur
761 4370 909 4442 genuinis
916 4388 923 4444 ;
956 4370 1074 4444 spuriis
1105 4371 1236 4432 demum
1263 4387 1328 4431 ver·

102 4593 119 4659 ¹)
134 4601 270 4648 eimillim
287 4603 328 4648 eet
345 4600 482 4648 verborum
500 4603 652 4662 compositio
669 4605 696 4648 Χ
713 4605 769 4650 111.

1222 4690 1250 4735 87
