3082 5100
56 425 76 502 e
99 428 176 504 281,
202 427 279 498 ssa]
662 429 724 488 σοι

55 594 229 668 apparere),
261 592 294 651 et
324 589 490 650 artissime
523 604 598 650 cum
629 591 751 650 dicendi
774 590 870 650 verbo
894 590 975 666 φημί
996 593 1014 661 5
1039 593 1102 653 306
1127 592 1278 654 cohaeret
1301 595 1331 662 ¹).

101 695 130 754 A
160 693 261 766 stirpe
291 712 335 766 φα
365 691 463 751 ducta
489 694 567 751 sunt
591 693 732 752 aoristus
753 692 775 761 2)
796 685 866 766 ’φάε
890 694 1038 767 appareo
1062 695 1076 765 ξ
1101 695 1164 754 502
1191 695 1219 765 (5
1246 695 1332 764 149²)

57 797 91 856 et
113 794 261 854 futurum
282 794 361 868 peri.
385 808 471 869 pass.
496 791 658 869 πεφήσεται
680 796 705 851 P
723 795 796 854 155.
818 793 938 854 Eadem
959 800 1069 854 autem
1090 797 1190 870 stirps
1210 797 1333 871 peperit

56 910 175 956 nomen
206 893 284 970 φάος
315 895 371 954 tun
401 895 430 966 (5
463 896 515 964 71)
546 897 580 955 et
610 896 743 956 nomina
773 897 900 970 propria
924 897 956 955 in
981 895 1084 972 -φάφν
1107 901 1198 967 (mss.
1222 895 1333 973 -φόον,

57 998 98 1058 ci.
118 994 138 1073 ἓ
161 998 244 1072 191),
264 1011 408 1057 necnon
427 997 623 1057 adiectivum
643 995 785 1072 φαίδῖμος
806 994 985 1072 (φαιδιμόεις
1007 998 1041 1055 Ν
1055 999 1143 1058 686?
1165 998 1227 1058 vid.
1248 998 1332 1067 569)

58 1101 92 1159 et
114 1097 320 1173 participium
343 1093 469 1173 φᾶἐθον
492 1113 581 1156 -ονσα
606 1098 656 1168 (ο1.
681 1098 699 1167 5
726 1099 798 1167 142)
822 1098 984 1173 spondens
1007 1099 1080 1159 inde
1108 1103 1331 1159 excreverunt.

104 1201 134 1260 2.
158 1198 275 1259 Ιιιισειιι
293 1199 466 1275 praebendi
485 1199 572 1259 notio
593 1199 720 1273 propria
739 1202 791 1258 est
811 1200 917 1275 verbo,
943 1199 1026 1272 quod
1046 1199 1120 1259 hinc
1139 1203 1330 1275 prognatum

58 1303 127 1363 est:
160 1300 273 1376 φαείνοι
304 1302 365 1361 etc.
398 1306 512 1374 (praes.
545 1302 578 1360 et
609 1300 711 1374 impl.)
740 1301 801 1378 72
834 1302 953 1376 psas,
982 1300 1046 1361 385
1071 1317 1089 1359 σ
1112 1302 1186 1377 308,
1212 1303 1275 1362 343
1301 1302 1331 1362 h.

58 1403 164 1478 Apoll.
200 1403 263 1462 202
286 1398 329 1476 ³);⁰
362 1418 427 1463 aor.
460 1418 546 1476 pase.
575 1397 712 1478 ἕφᾶένθη
737 1399 887 1477 ἐφάενθεν
910 1403 1098 1477 resplenduit
1128 1404 1146 1473 5
1180 1399 1265 1463 155⁶.
1290 1436 1330 1445 -

59 1505 229 1566 Adiectiva
259 1519 279 1564 a
310 1504 409 1578 stirpe
440 1518 531 1577 φαεσ-
562 1523 639 1576 φαεν
670 1503 768 1564 ducta
800 1506 877 1563 sunt
909 1502 1031 1579 φαεινός
1062 1508 1105 1574 (=
1126 1502 1265 1579 φαεσνός,
1291 1504 1331 1565 ci.

58 1607 77 1676 5
101 1606 142 1666 38
168 1622 198 1682 p.
226 1606 299 1675 124)
323 1621 398 1666 cum
422 1604 620 1679 superlativo
644 1602 807 1680 φᾶένιαπος
832 1611 922 1677 (mss.
949 1604 1128 1682 φαάντατος,
1151 1606 1190 1666 ε1.
1214 1607 1232 1673 5
1260 1607 1332 1675 191)

59 1707 78 1776 5
102 1706 182 1782 88¹⁴,
206 1709 239 1767 et
262 1705 487 1784 φαεσίμβροτος.

105 1810 135 1868 3.
168 1807 312 1881 Denique
343 1807 627 1868 commemoranda
658 1810 736 1866 sunt
759 1808 943 1881 praesentia
966 1808 1136 1883 quaedam,
1160 1808 1333 1880 inquibus

58 1909 347 1983 reduplicationem
370 1909 468 1983 stirps
491 1910 576 1983 φα(ν)
600 1909 651 1967 est
674 1923 841 1983 perpessa:

104 2010 137 2079 α)
160 2008 351 2092 παμφαίνῃσι
372 2011 400 2067 Ε
421 2012 452 2082 6,
467 2001 657 2085 ’πάμφαινον
677 2013 708 2066 Λ
729 2011 781 2084 30,
800 2010 913 2084 partie.
934 2008 1119 2084 παμφαίνων
1139 2012 1199 2070 etc.
1223 2012 1247 2066 Z
1268 2011 1331 2068 518

61 2113 122 2172 etc.
147 2112 181 2172 st
202 2098 423 2188 reppevliovw
445 2111 507 2170 ste.
532 2111 561 2167 E
584 2111 648 2171 295
672 2113 732 2171 ete.
754 2108 788 2185 l),
811 2111 977 2184 splendere.
1004 2109 1048 2170 01.
1073 2108 1092 2185 5
1119 2104 1204 2170 138².

107 2210 136 2288 b)
161 2210 342 2287 πιφαύσκειν
363 2213 423 2272 ete.
444 2213 476 2271 01
498 2212 582 2272 mod.
603 2210 811 2286 πιφαύσκομαι
831 2216 891 2270 ete.
913 2212 1065 2270 ostendere
1078 2212 1113 2284 5).
1140 2209 1331 2286 Oi514012.

105 2309 135 2391 c)
158 2311 353 2388 -παιφοῖσσειν
378 2312 493 2387 8803,
517 2311 729 2388 παιφάσσουσα
753 2313 778 2369 Β
801 2312 876 2384 450,
900 2313 1065 2386 splendere.
1091 2310 1135 2371 ef.
1160 2310 1179 2387 ἕ
1202 2312 1301 2372 13817.

105 2511 223 2592 5281.
253 2508 340 2592 (φεν)
375 2530 441 2575 aor.
474 2512 605 2591 ἔπεφνον
636 2516 697 2576 etc.
732 2515 762 2595 (5
793 2508 907 2594 149⁴⁰).
939 2515 1072 2575 Brevior
1095 2515 1205 2588 stirpis
1228 2515 1332 2575 torma

62 2633 109 2707 φμ
128 2619 199 2678 sive
218 2638 263 2693 φα
274 2616 397 2691 peperit
419 2616 598 2689 perfeetum
620 2631 707 2690 pass.
731 2612 859 2692 πέφαται
883 2615 985 2675 0140
1012 2617 1037 2672 P
1059 2617 1132 2689 164,
1157 2615 1220 2676 089
1248 2618 1274 2672 Τ
1290 2617 1331 2674 21

60 2728 142 2803 χει,
163 2721 312 2798 πέφανται
334 2725 361 2780 s
378 2725 440 2784 ssi
465 2725 490 2781 0
510 2726 586 2799 sss,
605 2722 762 2799 πεφάσθαι
781 2725 815 2783 Ν
833 2725 896 2782 447
918 2719 1020 2786 5471
1043 2722 1075 2779 ιι
1095 2724 1168 2798 254,
1185 2723 1331 2782 uturum
1423 2704 1425 2709 ’

58 2826 138 2901 perf.
161 2823 308 2902 πεφήσεαι
332 2824 366 2882 Ν
383 2810 484 2899 829)
505 2825 580 2898 217,
604 2822 766 2900 πεφήσεται
791 2824 910 2898 0140,
935 2826 968 2882 et
986 2822 1182 2883 adiectivum
1204 2823 1331 2883 verbale

51 2923 139 3005 ’Ἄρηι
161 2923 255 3003 φᾶτός
280 2927 307 2984 Τ
327 2927 366 2985 81
393 2917 439 3004 (=
461 2924 493 2981 Ω
516 2917 595 3003 415)
620 2927 636 2982 λ
659 2927 712 2985 41.
733 2919 760 3001 ⁸)

103 3027 243 3089 Nomina
265 3027 305 3086 sb
328 3028 389 3087 hac
412 3025 511 3100 stirpe
534 3026 632 3085 ducta
654 3027 733 3085 sunt
756 3023 850 3100 φόνος
878 3021 970 3100 φονή,
996 3021 1185 3102 ἀνδροφόνος
1204 3025 1332 3098 aliaque

59 3129 93 3189 ln
112 3127 221 3206 φόνος
242 3130 275 3189 et
293 3125 421 3204 -φόντης
440 3119 480 3207 ⁷),
504 3124 625 3201 φονεύς,
647 3126 865 3203 πατροφονεύς,
887 3124 993 3201 φοινός
1014 3118 1185 3206 (δαφοινός,
1204 3126 1333 3201 φοίνιος,

60 3228 223 3312 φοινήεις).

104 3424 222 3509 5282
255 3423 338 3510 (χαρ)
370 3428 460 3508 χαίρω
496 3431 557 3489 ete.
595 3421 714 3505 (praes.
750 3431 783 3489 et
817 3422 923 3509 impl.)
960 3431 995 3487 Η
1024 3430 1084 3489 191
1122 3431 1192 3503 etc,
1225 3430 1331 3490 iterat.

54 3524 223 3610 ’χαίρεσκον
251 3534 282 3589 Σ
304 3532 367 3591 259
397 3554 416 3606 μ
442 3532 517 3604 880,
548 3531 607 3590 fut.
638 3529 789 3607 χαιρήσειν
823 3532 851 3587 Y
878 3531 952 3606 363,
985 3522 1186 3607 ιιεχᾶρησέμεν’
1221 3530 1247 3589 O
1278 3529 1331 3605 98,

94 3709 115 3776 ¹)
131 3713 228 3760 ltedem
253 3712 447 3772 significationis
472 3713 596 3759 varietate
621 3712 703 3757 utitur
729 3712 808 3771 stirps
836 3709 886 3768 dile,
913 3723 978 3769 quae
1002 3711 1080 3756 verbs
1106 3712 1208 3770 ὁι1κνυμι
1231 3715 1257 3759 et
1278 3708 1332 3759 dieo

58 3793 169 3856 peperit

93 3866 114 3934 ἵ)
132 3871 170 3919 (tt
188 3884 310 3931 praesens
327 3873 380 3933 φάει
399 3873 516 3917 ποιεῖταί
532 3865 567 3934 (l)
584 3867 658 3916 Pind.
676 3867 751 3929 Pyth.
771 3870 804 3915 Vl
825 3872 864 3917 14.

92 3946 115 4014 ⁸)
132 3950 252 3998 Fortasse
277 3946 388 3997 addendi
412 3952 474 3997 sunt
499 3949 549 3996 duo
575 3962 673 4010 versus,
697 3949 742 3996 ubi
765 3953 840 4011 φαινω
865 3949 943 3995 verbo
965 3948 1029 3994 haee
1047 3947 1143 3993 tribute
1161 3951 1201 3993 est
1218 3949 1288 3996 notio
1306 3949 1332 3994 in

59 4032 133 4079 textu
149 4030 261 4089 vulgato,
281 4047 293 4090 »1
313 4030 360 4075 102
379 4031 406 4075 et
422 4043 435 4074 r
453 4029 493 4075 25.

94 4106 114 4168 ⁴)
132 4108 218 4155 heile
245 4108 359 4167 potuisse
384 4108 440 4154 fleri
462 4109 491 4152 ut
514 4120 631 4168 παμφαιι·
659 4120 705 4166 pro
722 4110 848 4168 πομφᾶνᾶ-
865 4106 906 4153 vel
924 4106 980 4152 vice
997 4117 1072 4151 versa
1090 4106 1172 4165 φᾶιᾶ·
1191 4117 1237 4163 pro
1255 4121 1331 4164 φαεν.

60 4187 197 4248 diceretur,
214 4187 301 4247 quiris
317 4188 395 4234 videt.

93 4262 114 4329 ι)
131 4267 170 4314 De
187 4266 283 4314 rosulis
301 4286 309 4313 ι
327 4266 470 4325 quantitate
488 4266 539 4313 vid.
557 4261 659 4327 §1405
679 4265 828 4323 -Legitur
846 4265 894 4310 hoe
912 4263 1019 4310 verbnm
1037 4263 1113 4309 etism
1132 4261 1202 4319 epud
1220 4261 1331 4319 Aeschy-

59 4344 115 4392 lum
131 4346 203 4393 Pere.
222 4346 270 4393 002
289 4347 338 4392 eto.

92 4418 114 4486 ο)
131 4424 272 4484 Epitheton
288 4428 452 4486 μολήφᾶιοςμ
469 4425 517 4471 955
532 4424 594 4483 quin
618 4424 694 4469 eliam
713 4423 808 4470 hebeat
824 4422 949 4480 originem
970 4432 1020 4465 non
1039 4419 1137 4479 dubito,
1154 4420 1232 4466 etism
1251 4418 1331 4476 σδννή·

59 4505 134 4565 ,ὅσοι
150 4506 171 4549 Ε
185 4504 233 4549 401
251 4498 295 4566 (=
314 4498 376 4568 900)
391 4506 414 4548 A
433 4503 480 4549 847
499 4503 541 4548 vix
558 4504 629 4548 reete
648 4502 699 4548 hue
718 4502 808 4548 referri
825 4503 898 4561 puto.

93 4575 173 4646 7)Ι)θ
190 4592 253 4629 νοω
270 4581 429 4646 ἀνδροφόνοις
446 4581 497 4628 rid.
515 4583 529 4641 ἦ
550 4583 590 4629 28.
