3120 5124
146 444 163 513 5
184 444 262 514 326]
745 441 808 500 557

148 630 284 706 ‚seriem
316 628 415 689 eiiioit
445 643 554 690 rerum
585 643 668 701 quae
697 630 814 703 natura
846 627 1039 688 cohaerent”
1067 627 1195 699 (Giseke
1217 628 1250 687 in
1274 627 1418 702 Ebelingi

144 731 260 792 lexico
287 729 479 800 Homerico).
508 729 590 790 Hinc
624 729 665 790 ad
691 744 777 790 nova
801 744 897 804 saepe
917 730 996 790 haec
1021 728 1179 804 particula
1201 731 1293 803 parat
1316 731 1417 790 trans·

144 833 237 894 itum.

187 935 225 994 In
256 934 341 994 thesi
372 948 501 1008 semper
532 933 646 1007 corripi
677 932 839 1006 syllabam
870 934 1019 1008 priorem,
1051 933 1187 995 vitiosos
1216 934 1315 1008 igitur
1345 949 1417 995 esse

144 1036 231 1097 locos
261 1036 367 1110 qualis
397 1036 449 1096 est
478 1039 506 1094 A
531 1037 594 1096 542
627 1031 721 1113 χειρὸς
752 1029 863 1111 ἓλοῦσ’,
893 1032 986 1115 αὐτὰρ
1013 1030 1122 1113 βελέων
1145 1032 1289 1114 ἀπερύκοι
1312 1032 1419 1113 ἐρωήν,

144 1139 252 1201 docuit
285 1138 319 1200 Ε.
355 1137 497 1199 Gerhard
531 1138 564 1198 in
599 1138 803 1199 Lectionibus
834 1138 980 1213 Apollon.
1014 1139 1098 1198 1816
1129 1153 1160 1214 p.
1195 1140 1275 1214 1123
1307 1140 1417 1212 itaque

145 1243 172 1300 K
195 1242 238 1301 99
269 1237 478 1316 κοιμήσωνται,
507 1235 579 1317 ἀτὰρ
611 1240 662 1300 est
689 1240 905 1316 scribendum,
929 1254 993 1300 non
1017 1232 1191 1316 κοιμήσαντ’
1217 1236 1320 1318 αὐτὰρ,
1343 1240 1419 1301 licet

143 1343 264 1417 gratior
290 1343 337 1402 sic
367 1341 408 1402 ad
438 1356 534 1402 aures
566 1341 676 1402 veniat
700 1357 824 1403 versus.
849 1342 887 1402 In
911 1341 1073 1403 codicibus
1096 1341 1220 1416 passim
1243 1338 1336 1421 αὐτὰρ
1359 1357 1417 1416 pro

144 1440 216 1523 ἀτὰρ
239 1442 397 1518 scriptum
421 1444 474 1502 est
495 1443 600 1503 metro
623 1441 734 1503 invito.

185 1616 208 1700 3
231 1618 337 1686 3261.
365 1620 411 1681 De
435 1620 712 1681 coniunctionibus
736 1636 818 1693 quae
843 1621 981 1682 alteram
1005 1622 1203 1683 sententiam
1228 1622 1321 1683 alteri
1344 1622 1415 1682 sub·

142 1723 316 1785 ordinando
338 1721 529 1798 inserviunt,
553 1723 633 1782 liaeo
656 1724 733 1782 sunt
755 1723 973 1783 observanda:

188 1917 217 1976 1.
249 1911 431 1974 Particulae
464 1910 492 1971 cl
520 1912 682 1986 antiquior
713 1913 837 1988 passim
867 1914 1025 1988 reperitur
1055 1914 1160 1975 forma
1191 1913 1227 1972 αἲ
1253 1915 1415 1989 (prociisin

141 2032 205 2078 non
236 2016 409 2076 admittere
433 2014 592 2089 creditur),
617 2014 672 2074 ubi
695 2015 841 2089 sequitur
864 2037 907 2093 κε,
928 2014 985 2095 γάρ
1008 2014 1061 2077 vel
1085 2019 1154 2076 de:
1178 2013 1266 2074 αἴκε
1287 2017 1315 2077 οι·
1337 2017 1415 2087 (Att.

141 2110 214 2195 ἕσιν),
235 2115 270 2176 αἲ
290 2114 347 2196 γάρ
371 2115 424 2177 vol
447 2114 516 2175 αἴθε
539 2116 673 2176 utinam.
697 2116 731 2177 li.
757 2132 787 2190 g.

277 2214 367 2294 ὄψεαι
389 2216 425 2277 αἴ
443 2210 468 2276 κ’
495 2214 647 2301 ἐθέλῃσθα
670 2215 721 2277 καλ
745 2217 780 2277 αἴ
799 2214 851 2277 κέν
874 2239 918 2277 τοι
941 2216 977 2278 τὰ
1000 2218 1124 2303 μεμήλῃ.
1226 2224 1253 2278 Δ
1276 2221 1350 2280 353.

697 2319 759 2398 ἅμα
782 2313 810 2379 δ’
837 2316 924 2391 ἄλλος
947 2320 1018 2394 λαὸς
1042 2318 1160 2382 ἑπέσθω
1226 2326 1257 2382 Λ
1282 2323 1345 2382 796
1368 2337 1416 2394 sq.

278 2419 499 2500 Μυρμιδόνων,
521 2419 557 2479 αλ
574 2417 626 2481 κέν
649 2443 676 2480 τι
697 2421 775 2499 φάος
800 2425 946 2481 Δαναοῖσι
968 2419 1083 2502 γένηαι.

276 2522 309 2581 αλ
330 2520 386 2603 γὰρ
409 2520 474 2602 ἐμοὶ
497 2521 611 2584 τοιόσδε
634 2523 720 2596 πόσις
743 2520 920 2602 πεπλημένος
944 2522 998 2603 εἴη.
1227 2526 1244 2597 ζ
1266 2526 1340 2588 244.

275 2618 337 2685 αἴθ’
363 2622 466 2703 ὄφελες
490 2622 598 2705 ἄγονός
621 2620 641 2685 τ’
668 2623 769 2703 ἔμεναι
792 2622 905 2706 ἄγαμός
928 2620 948 2685 τ’
979 2622 1153 2686 ἀπολέσθαι.
1227 2629 1256 2684 Γ
1274 2626 1327 2686 40.

184 2727 271 2788 Alibi
295 2729 406 2788 tamen
429 2726 460 2787 εἴ
474 2749 517 2806 κε,
539 2726 566 2787 εἰ
587 2726 653 2807 γάρ,
676 2727 739 2788 εἴθε
762 2728 880 2802 legitur
899 2728 932 2788 in
952 2730 1047 2789 textu
1067 2729 1204 2803 tradito;
1226 2729 1418 2802 quapropter

140 2829 268 2889 Bekker
299 2829 439 2889 formam
471 2828 507 2887 αἴ
532 2845 575 2890 ex
598 2829 740 2891 Homero
764 2846 823 2890 suo
847 2829 981 2907 expulit,
1006 2831 1161 2891 audacius
1182 2832 1294 2892 tamen
1317 2844 1416 2902 quem

140 2929 348 3005 prudentius;
383 2944 459 2990 nam
491 2931 518 2989 si
549 2931 621 3005 quis
652 2932 693 2992 ad
724 2946 824 2992 unam
854 2946 1005 2992 normam
1037 2934 1170 2993 cunctos
1192 2932 1281 2991 locos
1310 2931 1418 3006 epicos

141 3030 298 3105 refingere
321 3032 418 3108 ausit,
442 3033 524 3093 ratio
543 3032 607 3093 iert
630 3035 667 3092 ut
690 3033 807 3107 ubique
831 3034 952 3094 scribat
975 3035 1191 3108 antiquiorem
1214 3034 1355 3094 formam
1377 3031 1419 3109 αἴ,

141 3148 224 3207 quae
254 3134 339 3208 apud
365 3133 537 3194 Dorienses
560 3136 593 3194 et
614 3135 790 3196 Aeolenses
815 3137 1003 3209 permansit.
1029 3137 1179 3197 Praestat
1201 3138 1313 3197 tamen
1336 3135 1417 3195 nihil

140 3235 301 3296 eiusmodi
324 3250 452 3296 novare.

185 3427 215 3486 2.
241 3415 305 3485 ιλιι
328 3441 410 3502 cum,
424 3423 525 3502 εὸτι,
547 3427 631 3500 quod
656 3427 762 3487 multo
787 3428 837 3488 est
862 3427 1073 3501 frequentius.
1098 3428 1135 3489 Ε.
1160 3444 1190 3503 g.

275 3517 329 3587 εὖτ’
355 3525 447 3608 ἀστὴρ
470 3524 609 3608 ὑπέρεσχε
635 3525 864 3605 φαέντατος....
1215 3552 1234 3588 ν
1257 3531 1299 3589 93
1324 3543 1392 3603 sqq.

275 3637 365 3706 τῆμος
390 3627 427 3707 δὴ
450 3628 532 3714 νήσῳ
555 3630 770 3709 προσεπίλνατο
793 3629 979 3709 ποντοπόρος
1001 3639 1086 3709 νηῦς.

183 3731 235 3791 Ex
254 3731 367 3792 eadem
387 3731 488 3806 stirpe
506 3733 678 3806 utramque
698 3732 854 3808 prodiisse
867 3732 1007 3793 formam
1030 3735 1130 3809 patet,
1154 3734 1282 3793 videtur
1304 3733 1416 3793 autem

140 3824 203 3893 εὖτε
235 3833 314 3894 olim
336 3830 420 3893 tiore
445 3833 555 3910 fuisse,
581 3834 620 3894 ci.
646 3833 713 3893 fo'u
736 3849 793 3909 pro
818 3832 861 3893 iu
884 3835 917 3895 in
941 3834 1072 3896 Locrica
1095 3834 1232 3895 dialecto
1254 3834 1273 3904 ¹)
1299 3836 1332 3894 et
1353 3833 1417 3905 1ος

140 3950 196 4010 pro
227 3931 267 4007 ὡς
299 3940 380 4010 (pag.
416 3937 508 4009 272);
542 3935 597 3996 alii
621 3933 697 4012 ἔροιε
719 3936 891 4012 pristinam
916 3936 1054 3997 formam
1079 3938 1238 4012 statuunt,
1263 3935 1417 4009 quoniam

140 4037 241 4112 stirps
259 4037 458 4112 pronominis
478 4037 606 4097 relativi
628 4037 689 4097 brit
704 4060 753 4114 po·
767 4038 816 4107 (cf.
830 4038 848 4106 ἓ
864 4039 924 4097 101
938 4053 1010 4112 pag.
1025 4040 1109 4106 271).
1124 4038 1176 4098 Sic
1188 4038 1300 4097 tamen
1312 4051 1417 4110 neque

141 4139 375 4213 diphthongum
398 4136 431 4198 εὐ
455 4139 615 4213 quomodo
639 4140 799 4214 explicem
822 4140 933 4216 habeo,
959 4139 1135 4200 contractio
1155 4140 1242 4200 enim
1262 4154 1417 4199 sonorum

140 4249 252 4308 c÷o
283 4242 357 4314 post
387 4239 619 4301 semivocalem
652 4242 822 4301 extrusum
854 4241 910 4300 vix
942 4243 1037 4301 sonat
1067 4240 1288 4316 Homericum,
1312 4255 1416 4313 neque

140 4341 339 4416 protheticae
369 4340 490 4401 vocalis
521 4361 534 4400 ε
565 4341 653 4414 origo
686 4343 856 4417 perspicua
886 4344 946 4402 est.
979 4340 1145 4402 consonae
1175 4343 1297 4402 ivero
1320 4357 1417 4416 saepe

174 4530 195 4599 ¹)
212 4535 267 4581 Hoc
284 4538 436 4594 argumento
454 4537 492 4583 uti
510 4549 559 4583 non
582 4539 695 4597 amplius
718 4538 788 4594 lioet,
806 4539 828 4584 si
848 4551 937 4585 rerum
956 4537 1022 4584 vidit
1039 4538 1220 4597 Wackernagel
1239 4538 1329 4587 Rhein.
1348 4539 1413 4584 Mus.

140 4615 204 4662 189³
222 4628 248 4675 p.
266 4615 324 4672 ³⁰1,
341 4628 392 4662 non
408 4609 466 4663 έοιι
482 4615 528 4663 sed
545 4619 625 4663 EoTI
640 4612 665 4680 (q
684 4613 730 4679 du)
748 4617 885 4675 legendum
905 4632 961 4664 esse
979 4619 1004 4663 in
1024 4618 1192 4678 inscriptione
1212 4614 1287 4665 1479ο
1306 4616 1369 4665 0011.
