3120 5124
140 115 161 183 S
187 115 265 185 319]
740 116 804 175 545

140 303 217 363 vice
248 301 394 376 fungitur
425 301 458 361 in
489 301 639 374 loquendi
670 300 811 361 formula
833 291 874 371 ὧς
897 301 927 361 οἳ
948 297 1002 379 μὲν
1020 295 1183 380 ’μάρναντο
1212 299 1302 380 δέμας
1325 303 1420 382 πυρὸς

139 400 344 481 (αἰθομένοιο)
379 408 409 462 Λ
444 404 509 465 596
542 404 577 461 Ν
605 405 669 465 613
703 405 729 462 Ρ
757 405 821 465 366
845 405 874 461 Σ
899 405 926 463 1.
956 403 1078 464 Eadem
1100 405 1198 479 igitur
1221 405 1345 467 ratione
1370 408 1421 466 est

139 505 330 567 adhibitum
354 520 418 579 qua
441 505 588 565 Atticum
614 504 709 582 δίκην.

194 722 246 782 11.
281 720 462 782 Ρ6111011166
505 716 591 780 ἕνεκα
633 722 738 782 forma
768 721 923 795 integrior
953 718 1050 780 εἵνεκα
1079 726 1133 792 (ex
1172 715 1294 781 iv-Jsua
1331 726 1419 801 nata,

141 821 299 883 videntur
332 822 420 884 enim
454 823 624 885 cohaerere
659 819 773 900 Ηκητι,
802 822 913 892 16616)
944 821 1107 896 aliquanto
1132 825 1182 883 est
1206 823 1419 900 frequenti0r;

140 923 185 985 cf.
211 921 232 1000 §
255 924 308 985 38.

188 1024 239 1084 Ex
273 1033 326 1084 τοῦ
362 1021 447 1085 ἕνεκα
479 1027 513 1102 et
543 1017 580 1086 οὗ
612 1022 697 1086 ἕνεκα
730 1027 759 1096 (i.
783 1043 811 1087 6.
835 1033 888 1086 τοῦ
912 1021 998 1085 ἕνεκα
1021 1023 1038 1084 ὅ
1061 1027 1252 1087 attractione
1277 1026 1419 1087 decurta-

140 1127 230 1197 tum)
263 1129 341 1188 6616
375 1131 453 1188 6661
485 1127 612 1188 τούνεκα
642 1129 709 1189 ideo
744 1131 779 1190 et
812 1127 921 1187 οὕνεκα
951 1127 1112 1203 quonium,
1138 1128 1208 1188 sive
1235 1128 1420 1203 aphaeresis

138 1227 226 1288 haee
262 1232 314 1289 661
345 1230 417 1291 6661
448 1250 461 1289 ε
492 1234 556 1301 (τοῦ
575 1223 670 1307 ’vena
692 1222 729 1290 οὗ
751 1223 855 1306 ’venai
881 1230 952 1290 sive
975 1229 1038 1290 alia
1066 1230 1190 1290 ratione
1212 1230 1273 1290 bae
1296 1231 1420 1291 formae
1504 1292 1511 1311 ,

139 1330 223 1389 sunt
258 1330 476 1407 explicandae,
507 1347 590 1404 quae
627 1332 771 1393 nondum
801 1331 841 1392 ad
875 1331 1033 1405 liquidum
1068 1332 1242 1405 potuerunt
1271 1332 1418 1407 perduci;

145 1431 211 1491 vid.
235 1446 308 1506 pag.
333 1435 385 1493 51.
414 1466 453 1478 -
478 1432 513 1494 Ε.
536 1448 567 1507 g.

328 1528 439 1594 τούνεκ’
465 1527 508 1613 ἄρ’
534 1528 608 1614 ἄλγε’
635 1533 725 1595 ἔδωκε
746 1532 912 1612 ἔεκηβόλος
936 1528 987 1612 ἠδ’
1014 1531 1055 1593 ἔτι
1082 1531 1177 1593 δώσει.
1312 1538 1342 1593 Α
1366 1536 1419 1597 96.

327 1633 436 1696 οὕνεκα
459 1634 511 1695 τὸν
534 1635 660 1715 Χρύσην
682 1634 824 1715 ἠτίμασεν
847 1633 988 1714 ἀρητῆρα.
1314 1639 1343 1695 Α
1369 1637 1419 1697 11.

192 1735 363 1797 Nonnullis
397 1737 477 1798 locis
509 1735 619 1797 οὕνεκα
653 1737 733 1798 61611
766 1736 829 1796 6161
860 1733 904 1794 ὅτι
934 1738 1017 1810 qued
1042 1736 1205 1809 signifieat
1227 1741 1301 1812 post
1323 1741 1421 1800 verba

149 1837 272 1897 (1166611
301 1839 334 1899 61
363 1839 494 1900 scandi:
525 1842 557 1898 A
588 1841 627 1899 21
653 1842 727 1912 (66
757 1840 821 1898 216
844 1860 864 1915 η
889 1837 991 1897 3006
1016 1839 1080 1898 309
1105 1858 1120 1896 ο
1145 1840 1187 1898 42
1211 1860 1233 1897 π
1257 1842 1331 1916 330,
1356 1841 1420 1901 379

148 1938 226 1999 Η66.
252 1939 370 2014 uueog.
396 1942 471 2001 464.

665 2197 907 2206 ————-..

630 2439 847 2523 CAPUT
880 2439 935 2522 ΙΙ.

653 2642 703 2697 De
724 2641 910 2700 adverbiis.

193 2842 216 2927 5
239 2845 312 2912 319.
332 2849 567 2911 Aduerbiorum
586 2848 619 2908 iu
638 2869 693 2918 -οος
713 2847 931 2908 desinentium
945 2862 1062 2922 pareus
1080 2848 1114 2907 in
1134 2848 1245 2922 lingua
1264 2850 1354 2925 epiea
1369 2853 1421 2912 661

150 2964 239 3009 6666.
262 2949 328 3011 Nec
351 2951 482 3011 mirum.
506 2951 662 3010 Primitus
686 2950 773 3011 enim
792 2963 855 3009 666
884 2949 947 3008 6161
970 2964 990 3009 6
1013 2949 1176 3027 stirpibus,
1197 2967 1279 3025 quas
1299 2952 1421 3014 claudit

150 3066 248 3112 sonus
282 3068 310 3129 6,
345 3052 418 3113 (1661
451 3052 556 3127 potuit
586 3066 682 3112 casus
704 3049 724 3120 ¹)
755 3051 789 3110 16
819 3053 894 3121 -aiel
927 3050 1056 3111 exiens:
1092 3049 1293 3128 αἰνός-αἰνῶς,
1331 3044 1420 3124 ὅς-ὦς

149 3143 216 3229 ὧδε,
248 3149 534 3232 πρότερος-προτέρω
568 3154 647 3227 616.;
680 3151 828 3224 analogia
859 3151 972 3212 (1616(16
1003 3152 1111 3213 6116611
1141 3155 1178 3213 61
1208 3152 1320 3214 suffixi
1349 3154 1419 3216 loco

150 3255 321 3316 haberetur
347 3255 474 3330 syllaba
498 3275 553 3326 -6ς
581 3254 742 3327 variisque
773 3252 1007 3313 adiectivorum
1034 3254 1189 3329 stirpibus
1216 3255 1420 3329 subiungere·

149 3358 211 3434 tur,
235 3373 263 3418 6.
283 3373 314 3432 g.
337 3353 438 3436 λιγέως
463 3355 576 3435 (λιγύς),
598 3351 752 3431 ἀσφαλέως
777 3351 943 3431 (ἀσφαλής),
965 3353 1082 3426 πάντως
1107 3361 1194 3427 (πᾶς).
1225 3357 1263 3416 16
1286 3357 1419 3418 Homeri

150 3457 259 3532 lingua
286 3458 471 3519 huiusmodi
495 3457 647 3518 adverbia
670 3471 743 3516 rara
766 3458 852 3531 suut,
877 3458 910 3517 et
933 3456 1027 3530 louge
1050 3455 1191 3530 plurima
1213 3458 1365 3519 adverbia
1386 3459 1419 3518 in

150 3581 202 3631 6ο
233 3561 415 3622 (1661666116
445 3561 485 3621 ab
512 3558 682 3620 adieetivis
704 3558 737 3617 in
760 3578 807 3628 -ος
830 3559 907 3618 sunt
930 3559 1035 3618 dueta.
1061 3558 1161 3633 Saepe
1184 3558 1327 3620 adverbii
1350 3559 1420 3620 loco

152 3665 324 3738 usurpatur
334 3662 473 3723 6611661161
484 3664 631 3720 nmirum
651 3659 673 3729 ²)
686 3658 860 3732 singularis
874 3658 924 3720 vel
937 3660 1037 3720 etiam
1048 3659 1183 3734 pluralis
1194 3661 1331 3723 numeri.
1345 3661 1379 3722 Ε.
1388 3677 1419 3736 g.

184 3965 202 4032 ¹)
218 3969 387 4017 16161166666
413 3969 455 4016 hie
480 3969 567 4031 luerit,
593 3970 638 4030 qni
666 3970 692 4016 in
719 3973 756 4018 -01
781 3970 924 4031 desinebat,
950 3983 984 4016 66
1009 3969 1214 4018 instrumentalis
1239 3971 1265 4017 in
1290 3971 1421 4031 sexiens,

153 4046 294 4108 dubitatum
320 4062 403 4110 neque
429 4052 531 4097 6666161
555 4049 624 4098 unde
648 4054 737 4098 netum
761 4052 796 4098 sit
817 4051 900 4111 sigma
923 4049 1007 4097 finale.
1032 4049 1069 4096 Oi.
1093 4045 1421 4098 116666116660661661

153 4130 301 4186 penitet
320 4129 375 4176 161.

181 4203 203 4269 ¹)
221 4207 287 4254 Hine
304 4207 432 4254 medisina
449 4211 539 4268 parate
556 4210 596 4256 est
613 4209 711 4256 formae
728 4212 820 4269 perum
836 4209 987 4256 Homericae
1007 4211 1057 4256 1661
1077 4213 1198 4272 φαίνονται
1215 4212 1316 4275 trappas
1333 4211 1417 4257 1161

155 4299 165 4340 ii
182 4284 228 4331 ibi
247 4299 265 4331 n
285 4287 345 4333 161:
364 4283 640 4352 1636161166666616
658 4284 738 4350 liei).
