3120 5124
139 395 154 465 5
172 395 219 464 40]
725 397 786 457 153

143 598 209 657 mur,
236 581 288 655 qui
314 581 392 642 dum
424 582 555 642 Ulixem
580 581 632 643 vel
656 583 823 642 Priamum
848 583 915 657 agit
938 599 958 643 a
982 583 1115 644 Platone
1139 582 1256 642 vividis
1279 581 1386 643 colori·

143 685 191 744 bue
208 684 346 758 depictus
370 685 431 760 est,
455 684 624 745 reticuisse
648 699 824 745 consonam
848 685 871 742 f
894 685 973 746 locis
995 685 1061 744 illis
1084 685 1138 744 ubi
1161 682 1293 758 proferri
1313 698 1387 742 eam

145 785 270 861 poscebat
297 786 451 861 metrum,
483 800 547 845 non
579 787 629 845 est
661 801 718 846 cur
739 789 902 861 putemus.
926 788 1032 847 Immo
1056 786 1177 846 diutius
1201 787 1234 844 in
1257 801 1312 845 ore
1335 785 1387 844 ho·

146 888 247 947 ninum
275 887 398 948 vixisse
428 888 594 962 digamma
620 888 830 950 Homericum
854 905 952 963 quam
977 891 1009 950 in
1033 889 1123 950 libris
1147 887 1387 962 manuscriptis

147 989 300 1050 certissimo
323 1023 365 1032 -
389 990 428 1049 ut
457 990 550 1049 nobis
577 991 707 1064 quidem
733 992 860 1052 videtur
885 1027 925 1034 -
950 993 1141 1066 argumento
1164 990 1388 1050 demonstrant

148 1090 194 1151 loci
216 1091 325 1165 quibus
356 1093 432 1152 ante
463 1107 639 1166 pronomen
670 1088 741 1151 ἕθεν
771 1089 839 1152 ἑοῖ
865 1093 1029 1154 invenitur
1056 1093 1165 1154 hiatus
1189 1092 1243 1165 qui
1267 1090 1388 1164 expleri

149 1193 279 1266 potuisset
300 1207 360 1268 ope
382 1193 510 1254 litterae
533 1194 753 1270 paragogicae
777 1210 804 1254 e.
817 1209 847 1269 g.
870 1198 899 1253 A
922 1196 983 1255 114
1008 1193 1044 1254 οὐ
1068 1191 1149 1271 ἕθεν,
1169 1194 1200 1252 Ω
1221 1193 1285 1252 214
1308 1188 1345 1250 οὔ
1366 1188 1390 1266 ἑ,

151 1295 229 1355 litt
249 1290 281 1353 κέ
302 1290 326 1370 ἓ,
351 1296 380 1352 Ε
403 1296 424 1353 4
449 1291 513 1354 δαῖέ
536 1295 567 1354 οῖ
588 1297 621 1366 ¹).

183 1395 230 1456 Sed
258 1396 394 1458 derideri
421 1398 535 1471 coepta
557 1398 609 1458 est
631 1398 864 1472 rhapsodorum
895 1415 959 1475 ars,
984 1400 1094 1460 minus
1117 1398 1263 1474 placebat
1286 1411 1389 1457 novae

152 1498 226 1557 mtati
251 1499 411 1572 cessitque
441 1500 530 1573 genti
561 1500 797 1573 tragoedorum.
829 1501 963 1574 Iamque
993 1517 1057 1562 non
1089 1500 1214 1575 publice
1238 1499 1389 1559 cantatur

152 1597 281 1659 Homerus
311 1615 414 1673 neque
446 1601 547 1661 veluti
578 1601 611 1660 in
644 1616 741 1661 scena
771 1602 888 1678 agitur,
920 1604 976 1663 sed
1004 1602 1121 1676 legitur
1146 1601 1233 1662 domi
1256 1615 1276 1659 a
1300 1599 1387 1672 viria,

153 1701 326 1773 apocrisin
351 1702 461 1763 schola
484 1718 593 1764 coram
618 1703 785 1776 magistro.
814 1704 897 1764 Viva
921 1721 984 1764 vox
1009 1706 1177 1764 cantorum
1200 1701 1388 1775 obticuerat,

153 1798 236 1862 littera
259 1803 378 1878 scripta
408 1804 571 1880 manebat,
603 1805 756 1865 interibat
787 1809 899 1866 autem
930 1806 1039 1867 littera
1070 1821 1133 1867 non
1161 1804 1290 1878 scripta.
1319 1801 1389 1861 Non

155 1899 258 1964 illudio
287 1919 349 1978 quo
379 1906 522 1981 primum
552 1906 664 1967 Iliadis
695 1908 900 1981 Odysseaeve
925 1908 1093 1983 exemplar
1116 1904 1273 1980 digammi
1296 1904 1387 1977 signo

155 2015 240 2064 carens
265 2007 297 2066 in
327 2022 445 2068 manus
475 2009 644 2070 bominum
675 2011 830 2085 pervenit,
864 2012 920 2071 sed
951 2013 1028 2071 tunc
1052 2013 1195 2084 demum,
1219 2022 1295 2067 cum
1318 2005 1388 2064 ulti·

123 2180 126 2185 ,
156 2116 211 2163 mus
226 2107 394 2183 rhapsodus
414 2110 480 2171 lato
500 2110 630 2171 iunctus
650 2115 711 2188 est,
729 2114 896 2172 mortuum
916 2116 968 2173 est
987 2114 1152 2186 digamma
1168 2110 1388 2172 Homericum.

653 2340 848 2348 ——

191 2506 242 2569 lton
269 2515 444 2575 verendum
478 2517 529 2575 est
558 2516 656 2590 igitur
686 2533 727 2577 ne
758 2518 970 2580 obtrudamus
1000 2519 1105 2594 poetis
1135 2532 1232 2578 sonos
1266 2513 1389 2574 invisos

160 2605 218 2679 ipsis
235 2615 277 2674 vel
298 2616 435 2693 ignotos
460 2633 534 2679 cum
559 2619 781 2680 rescribimus:

184 2707 269 2787 αἰδοῖός
289 2713 319 2776 τέ
341 2717 395 2796 μοί
415 2716 487 2795 ἐσσι,
509 2719 575 2796 φίλε
597 2716 716 2799 fauces,
739 2720 858 2794 dtecvoc
881 2744 919 2781 τε.
1127 2724 1155 2779 Γ
1176 2721 1248 2780 172.

185 2805 332 2893 ἐξῐτποῗφοιτο
346 2816 478 2880 Hatram·
494 2820 581 2893 faita
594 2818 626 2881 δέ
636 2822 697 2882 for.
709 2820 782 2882 litt
793 2821 920 2901 ,Ρὲκηλος
940 2819 945 2893 Ι
964 2821 1100 2905 tappetae.
1125 2827 1144 2882 1
1165 2823 1239 2881 376.

185 2905 247 2983 ἕψεαι
266 2917 338 2980 ἔνθα
362 2943 395 2982 κε
416 2919 510 3002 Ῐὲργα
534 2920 655 2983 Maenio
679 2924 844 3005 tappetem.
1127 2925 1158 2983 Ω
1184 2924 1257 2985 733.

185 3004 220 3071 144
236 3040 259 3079 τε
276 3023 322 3106 ἰῷ
345 3024 449 3102 fornia
471 3024 569 3098 favo}
592 3023 726 3103 ἕύθυμος
750 3025 848 3087 ἔδωκε.
1128 3027 1142 3098 ξ
1168 3029 1219 3087 63.

184 3113 308 3201 tauricana
331 3120 360 3185 δ’
386 3123 416 3198 ἐς
439 3125 535 3187 sacru
558 3126 655 3188 ,Ριδὼν
678 3125 733 3205 ἐμὰ
755 3126 850 3210 ἔέργα
874 3128 994 3205 κάτειμι.
1128 3151 1143 3186 o
1168 3128 1242 3189 505.

185 3215 270 3304 θῦγάρ
290 3221 322 3286 Ρ
348 3225 462 3288 effode
483 3227 578 3309 pra
600 3226 786 3310 πολυχρύσοί
814 3232 997 3310 Ἀφροδίτης,
1127 3233 1158 3290 h.
1171 3226 1344 3297 Ven.9s(1·
1355 3225 1387 3291 ²).

185 3313 227 3379 444
245 3323 295 3405 ἄρα
316 3330 369 3389 for
392 3328 517 3407 πόλεμοί
537 3325 557 3390 τ’
584 3329 696 3391 ἕῐαδον
721 3329 771 3391 καὶ
793 3330 903 3413 fe'pyov
922 3330 1038 3413 Ἄρηος.

185 3415 238 3483 4Πᾶ
254 3430 286 3490 fe
307 3428 359 3503 Ης
381 3429 527 3509 ἐδάμασσε
550 3432 618 3512 βίης
637 3429 849 3513 Ἡρακλεεείης.
1128 3433 1204 3492 HeS.
1232 3430 1289 3488 Th.
1315 3426 1388 3486 332.

159 3517 236 3586 Imma
271 3532 315 3593 sio
356 3534 524 3596 scribendo
566 3536 644 3609 quin
686 3537 719 3596 in
761 3537 924 3611 integrum
960 3536 1144 3598 huiusmodi
1182 3531 1390 3592 hexametros

160 3625 335 3694 relituamus
357 3635 439 3695 nulli
474 3637 670 3697 dubitamus
706 3639 778 3712 Ipse
809 3641 921 3699 autem
952 3641 1074 3714 textus,
1106 3652 1203 3710 quem
1233 3631 1390 3692 traditum

159 3730 314 3811 accepimus,
349 3737 517 3810 digamma
545 3738 661 3800 leviter
691 3742 856 3800 mutatum
888 3743 998 3801 servat
1032 3741 1065 3800 in
1099 3738 1206 3799 verbis
1240 3730 1390 3809 αὐέρυσαν

158 3823 343 3912 Ξᾶῧὲρυσαν
369 3834 562 3917 (ἆνέἕρυσαν)
584 3844 612 3898 A
635 3842 699 3903 459
720 3844 792 3917 etc„
817 3839 1183 3915 καυάξαιςεκαϋάξαις
1207 3833 1389 3908 (κατὲάξαις)

158 3922 213 3991 He.
238 3936 321 4012 oper.
361 3942 436 4016 666,
473 3943 547 4017 666,
583 3940 746 4020 aerae:
763 3936 883 4021 serapt
918 3945 952 4002 Ν
984 3944 1036 4019 41,
1073 3934 1390 4017 terramala-

160 4074 342 4099 x..—

181 4159 251 4221 tua
274 4174 302 4221 G.
329 4175 459 4222 Hermann
483 4176 586 4235 Orphic.
607 4190 632 4236 p.
657 4177 704 4225 ‘173
729 4192 794 4237 sqq„
817 4180 954 4225 Hoffmann
972 4180 1074 4235 Quaeet.
1094 4179 1168 4224 Hom.
1186 4177 1212 4222 ll
1230 4190 1255 4235 p.
1275 4175 1304 4221 11
1324 4187 1389 4232 sqq..

156 4241 229 4306 Rlfflpf
240 4249 357 4302 mechela.
375 4255 464 4302 Jahrb.
483 4257 512 4301 81
532 4270 557 4315 p.
569 4256 625 4315 611,
640 4269 690 4302 von
707 4258 796 4303 Hartal
815 4258 882 4303 horn.
901 4259 1007 4304 Studien
1025 4259 1065 4304 III
1082 4272 1106 4317 p.
1126 4260 1165 4317 te,
1185 4257 1270 4304 Christ
1287 4254 1388 4311 Proleg.

155 4318 210 4370 ΠΜ
224 4342 244 4388 p.
262 4333 452 4393 1641666161
469 4336 607 4382 Aristarch.
626 4336 651 4382 11
669 4351 694 4396 p.
713 4338 770 4393 284,
789 4337 871 4383 Oaner
888 4338 994 4396 praefat.
1013 4337 1086 4383 Iliad.
1104 4352 1128 4396 p.
1148 4350 1198 4382 xrv.

179 4403 221 4452 Ποῦ
233 4423 307 4468 ganne
320 4413 444 4470 hiatuum,
462 4414 531 4473 qnod
541 4415 678 4462 admodum
694 4419 734 4463 eat
748 4416 868 4475 notabile,
885 4418 911 4462 in
926 4417 1049 4463 Herodoti
1064 4420 1136 4463 textu
1146 4415 1225 4462 redit:
1236 4415 1263 4460 οὔ
1280 4414 1388 4469 611109,

157 4480 192 4528 111
205 4485 227 4533 11
242 4492 284 4538 110
301 4493 335 4540 tv
351 4495 391 4554 43,
408 4507 466 4540 cum
486 4493 549 4539 aliae
566 4497 625 4540 ante
643 4496 744 4542 vocales
762 4498 804 4542 οὐκ
824 4497 974 4556 reperiatur.

180 4556 245 4626 ²)Sic
260 4573 412 4621 correximus
428 4573 559 4632 vulgatam
577 4577 603 4620 οὐ
621 4577 665 4640 γάρ
683 4579 704 4622 ot
722 4575 808 4622 ιῦαδιν.
