3120 5124
744 128 808 187 288
1293 127 1319 199 [S
1339 126 1417 188 111

147 317 234 378 tione
269 330 400 390 prorsus
434 317 576 392 evanuit,
608 317 738 390 linguae
769 317 878 391 opicae
907 316 1013 377 forma
1042 312 1106 375 λσσλ
1136 315 1165 387 (5
1185 315 1259 387 302)
1280 314 1417 390 praebet

147 418 318 491 integrum.

190 621 227 679 In
262 619 400 680 dictione
435 621 525 696 epioe
557 624 666 696 partes
700 622 864 695 aliquanto
899 620 1039 681 maiores
1073 634 1170 693 quam
1206 619 1240 679 in
1276 617 1414 679 nuato

146 722 255 782 Attica
289 721 356 794 agit
392 722 552 782 terminus
583 728 669 799 σθα,
699 738 796 796 quem
830 726 955 783 veteres
988 722 1137 781 cantores
1162 735 1227 781 non
1249 719 1347 781 solum
1365 716 1416 778 in

145 823 328 899 praeteritis
343 819 463 899 (λλῃσθα
485 823 600 883 θσῖσθα
620 820 830 901 emisenae«
851 820 973 899 ἔφησθα
993 821 1072 892 (att.
1092 811 1176 897 ἦσθα
1188 812 1279 880 οἶσθα
1289 818 1418 905 {idom

145 922 277 1002 ἔφησθα)
309 926 505 997 usurparunt
535 925 592 985 sed
623 924 697 984 aliis
720 939 845 998 quoque
868 922 1034 984 indicativi
1057 921 1256 984 subiunctivi
1277 912 1423 998 optativi

145 1026 259 1086 formis
282 1039 512 1097 nonnunquam
536 1025 780 1086 subiunxerunt.
806 1025 1019 1097 Reperiuntur
1041 1022 1075 1082 in
1095 1024 1293 1085 carminibus
1310 1020 1426 1100 opicis

146 1127 268 1188 formae
291 1127 474 1202 sequentes,
499 1141 581 1199 quae
604 1128 715 1188 tamon
738 1141 853 1188 omnes
875 1127 1002 1200 praeter
1024 1120 1177 1209 ἐθέλῃσθα
1211 1141 1300 1188 rarae
1320 1121 1432 1187 sont:

368 1226 549 1289 ludwici:

143 1346 245 1406 proca.
303 1328 445 1388 θίθσισθα
472 1332 594 1391 Tuto.

301 1423 389 1490 σασα
408 1436 439 1502 (α
457 1433 553 1493 verbo
574 1425 642 1510 αμα
657 1436 684 1491 1(
697 1434 761 1493 450
774 1453 796 1490 α
808 1430 980 1492 aisiaco
993 1452 1012 1489 υ
1027 1430 1089 1489 179
1102 1429 1180 1491 uos.
1193 1431 1307 1504 uum.
1321 1429 1412 1490 som
1439 1416 1451 1476 i

300 1531 434 1609 τύθῃσθα
457 1534 522 1604 (alii
546 1539 697 1605 τιθεῖσθα)
720 1558 731 1593 ι
754 1534 819 1595 404
843 1555 866 1592 ω
894 1532 968 1592 476.

301 1637 408 1710 φῆσθα
433 1635 463 1692 Φ
487 1635 549 1696 186
573 1636 588 1708 ξ
619 1636 691 1696 149.

193 1781 200 1795 .
302 1733 463 1812 σχήσεισθα
486 1739 576 1806 (mss.
601 1737 767 1815 σχήσησθα)
789 1739 820 1798 h.
845 1739 913 1801 Ger.
938 1742 1011 1802 366.

369 1833 579 1896 Subiunctiui:

239 1983 246 1998 .
305 1936 498 2020 βουλεύῃσθα
522 1941 541 1997 I
561 1939 614 1999 99.

300 2036 487 2120 δηθύνῃσθα
510 2062 531 2115 μ
558 2041 630 2101 121.

299 2136 451 2222 ἐθέλῃσθα
474 2144 503 2199 Α
527 2143 590 2202 554
616 2144 635 2200 Ι
657 2143 720 2202 288
745 2146 805 2205 eto.
830 2145 921 2216 (iocis
951 2147 1012 2216 17).

301 2238 436 2323 εὕδῃσθα
458 2244 483 2300 θ
506 2243 581 2303 445.

298 2339 411 2423 ἔχῃσθα
448 2345 475 2400 Τ
508 2344 588 2418 130;
620 2345 721 2405 etiam
752 2347 782 2406 h.
818 2346 885 2408 cer.
918 2350 981 2410 367
1013 2367 1064 2406 κεν
1095 2343 1210 2429 ἔχῃσθα
1241 2336 1456 2419 153555ορ

342 2446 469 2506 videtur
488 2448 618 2507 auctore
639 2447 865 2524 vHerwerden,
881 2464 937 2524 pro
954 2449 1072 2511 codicis
1088 2447 1227 2508 lectione
1248 2443 1456 2523 σχήσησθα

298 2544 392 2628 ἴῃσθα
416 2548 444 2603 K
470 2548 522 2607 67.

297 2644 473 2730 σπένδῃσθα
498 2647 516 2705 i
543 2649 616 2708 591.

142 2765 208 2809 σον.
299 2744 450 2830 ἕλάσῃσθα
480 2751 514 2806 Ψ
535 2749 609 2808 344.

88 2903 90 2907 ,
143 2868 209 2912 αοα.
234 2850 277 2912 Π.
306 2848 445 2933 βάλῃσθα
469 2872 490 2925 μ
514 2851 588 2910 221.

295 2950 450 3034 άείπῃσθα
477 2952 628 3011 32501
654 2953 717 3011 224
740 2974 757 3029 χ
781 2954 855 3013 373.

296 3052 446 3136 πάθῃσθα
470 3052 502 3110 Ω
529 3055 590 3114 551
617 3054 650 3114 et
673 3053 693 3112 l.
719 3068 748 3113 a.
773 3070 791 3111 σ
817 3055 889 3115 107.

297 3153 415 3237 πίῃσθα
440 3157 465 3211 Ζ
489 3156 563 3216 260.

368 3254 516 3330 optativi:

142 3356 265 3431 imperf.
299 3355 457 3415 κλαίοισθα
482 3354 514 3411 Ω
539 3356 614 3416 619.

141 3474 208 3517 cor.
232 3456 276 3518 Π.
304 3455 452 3535 βάλοισθα
478 3456 601 3517 0571.

296 3558 510 3637 προφύγοισθα
532 3582 548 3636 χ
573 3560 648 3620 325.

189 3660 234 3722 cf.
260 3660 388 3721 Curtius
411 3661 551 3722 Verbum
575 3662 604 3721 1¹
628 3677 657 3738 p.
684 3664 726 3723 50
749 3678 818 3737 sqq.

186 3762 428 3824 Recentioribus
459 3763 641 3823 carminum
672 3765 818 3838 partibus
849 3766 909 3825 has
941 3766 1062 3826 formas
1095 3765 1246 3826 videmus
1268 3766 1413 3841 proptiae

143 3879 214 3924 esse
248 3865 305 3923 aut
339 3879 452 3925 omnes
486 3865 544 3923 eut
578 3865 644 3924 iere
674 3881 797 3926 omnes,
831 3867 965 3928 Prorsus
997 3866 1061 3926 alia
1091 3868 1143 3928 est
1172 3866 1258 3927 ratio
1280 3867 1414 3942 perfecti

141 3966 266 4041 άσῖσθα,
284 3967 367 4039 quod
388 3966 502 4039 viginti
518 3966 597 4027 locis
616 3968 773 4042 reperitur
789 3965 821 4043 ¹),
841 3971 897 4043 qui
916 3970 1035 4045 partim
1054 3969 1142 4030 certe
1162 3968 1413 4043 antiquissimae

142 4068 241 4127 aetati
276 4067 357 4127 artis
389 4068 497 4141 epicae
531 4068 690 4129 tribuendi
725 4072 811 4146 sunt,
847 4075 876 4130 A
906 4071 948 4131 85
979 4074 1057 4146 etc.;
1093 4085 1153 4131 neo
1188 4085 1254 4133 non
1289 4067 1413 4149 ἔφησθα

175 4282 194 4346 ¹)
212 4285 295 4332 Etiam
313 4304 329 4332 σ
347 4287 394 4333 337
413 4299 459 4345 pro
478 4281 542 4341 οἶδας
559 4288 621 4346 quin
638 4288 674 4334 ita
692 4289 830 4347 legendum
848 4291 882 4337 sit
899 4290 1006 4337 dubium
1023 4303 1073 4336 non
1091 4288 1200 4337 videtur.
