3120 5124
1319 392 1346 463 [S

140 601 204 646 non
227 583 287 658 est,
312 581 478 654 digamma
501 580 538 638 ut
561 577 755 639 reviviscere
779 579 891 654 possit,
915 579 1060 652 iugulare
1080 579 1243 654 syllabam
1262 581 1358 642 vicina

142 706 169 751 e
194 703 223 761 g.
248 681 307 743 ἀπὸ
335 683 392 741 frvi
416 681 515 740 δᾶεἴσε
539 680 573 738 N
596 681 669 756 163,
696 677 830 739 feretro
853 676 929 757 ἄμμι
950 678 1045 759 ἱερέα
1073 685 1107 741 Ψ
1126 683 1200 759 787,
1225 679 1300 741 ἀλλὰ
1321 683 1357 742 fe

142 823 162 876 μ
188 798 260 870 156,
292 789 457 868 φωνήσασα
487 787 582 849 slusa
616 790 706 849 035
739 791 811 866 ete„
844 788 939 870 δάκρυ
970 788 1078 869 χέουσα
1099 789 1196 851 staret
1219 793 1252 850 X
1272 793 1358 870 81,1

141 914 235 965 σαῦσα
264 899 352 962 ἄὲτεα
383 901 408 958 Β
439 898 514 976 328,
550 905 605 958 νοῦ
638 895 733 977 δέργα
765 897 797 956 Ω
821 900 896 977 354,
925 896 991 959 ούσε
1013 896 1100 959 flua
1124 901 1257 976 11879,
1283 900 1358 974 vulg

144 1010 218 1085 (1)ἑο
255 1011 340 1089 δεῖσε,
370 1001 440 1086 ὔμμ’
473 1003 553 1084 ἐρέω,
582 1000 639 1064 ἀλλ’
668 1002 714 1084 lat
715 1029 749 1084 er,
771 999 923 1085 φωνήσαδ
950 1005 1031 1086 ἔπεα,
1056 1002 1150 1087 χέουσ’
1177 1006 1258 1086 ἔπεα,
1280 1024 1358 1069 τοσσι

144 1114 216 1193 ἔτεα,
257 1112 331 1174 νόου
373 1107 453 1191 ἔργα,
494 1101 552 1167 οὔτ’
596 1104 661 1167 ἔπεϊ
699 1110 757 1168 aut
796 1111 955 1171 servanda
989 1112 1066 1171 sunt
1100 1113 1158 1172 aut
1191 1112 1256 1172 alia
1290 1111 1358 1172 rati

145 1218 289 1279 sananda
313 1216 345 1285 ¹).

188 1320 258 1379 Neu
288 1318 327 1378 ab
356 1329 419 1375 uno
450 1316 561 1374 autem
585 1313 654 1373 viro
676 1328 780 1385 neque
804 1329 869 1373 una
892 1316 999 1375 aetate
1022 1315 1162 1375 insertas
1186 1330 1259 1376 esse
1284 1330 1358 1376 vocu

144 1433 410 1496 supervacaneas,
446 1415 562 1488 quibus
597 1415 763 1488 digamma
796 1417 919 1490 passim
955 1416 1178 1477 oblitteratum
1215 1418 1276 1492 est,
1312 1432 1358 1477 ne

143 1523 327 1597 importuno
358 1517 465 1578 studio
492 1515 578 1576 male
601 1516 788 1576 sedulorum
812 1518 981 1578 hominum
1004 1519 1112 1579 deberi
1135 1518 1192 1579 sed
1217 1534 1297 1579 casu
1320 1518 1358 1577 irr

144 1625 227 1684 sisse
246 1622 425 1697 plerasque,
446 1618 477 1677 ld
497 1618 628 1677 anobis
649 1618 864 1679 demonstrari
884 1635 964 1694 opus
983 1635 1047 1680 uon
1069 1622 1120 1681 est
1139 1614 1179 1696 ²);
1201 1620 1257 1681 sed
1279 1619 1358 1680 mini

143 1728 221 1787 sunt
249 1721 446 1798 neglegenda
476 1720 593 1780 indicia
625 1735 706 1793 quae
737 1722 851 1782 docent
882 1721 991 1798 libroS,
1016 1737 1078 1794 quo
1103 1723 1180 1782 sunt
1203 1720 1358 1794 antiquio]

144 1844 181 1889 eo
205 1827 348 1902 puriores
371 1838 443 1884 esse
467 1823 506 1882 ab
531 1822 689 1882 eiusmodi
713 1822 955 1899 additamentis,
979 1824 1012 1883 et
1034 1823 1199 1884 nonnullis
1224 1824 1312 1884 certe
1335 1822 1358 1881 l<

145 1929 284 2002 vestigia
313 1924 469 1999 digamml
503 1939 574 1984 sero
609 1924 784 1984 admodum
815 1941 833 1984 e
864 1926 958 1985 textu
922 1925 1107 1985 ttradito
1139 1925 1322 1985 evanuisse.

145 2031 176 2088 u
204 2031 268 2090 320
299 2043 383 2087 unus
413 2041 554 2101 papyrus
586 2025 810 2087 Banlresianus
843 2027 940 2087 habet
970 2027 1003 2087 id
1032 2028 1116 2101 quod
1146 2026 1280 2087 dederat
1309 2039 1358 2099 por

145 2129 194 2191 11ιᾶ
228 2127 338 2201 ἄστεος,
374 2129 406 2187 in
439 2127 600 2187 codicibus
634 2142 710 2187 vere
745 2130 802 2186 aut
836 2124 910 2205 ὑπὲρ
941 2124 1042 2199 ἄστεος
1073 2130 1125 2188 est
1155 2130 1212 2189 aut
1244 2161 1285 2169 —
1319 2142 1358 2186 ve

145 2233 344 2293 claudicante
369 2264 410 2271 —
440 2222 474 2287 δι’
511 2224 621 2299 ἄστεος.
653 2229 799 2302 Papyrus
834 2244 875 2288 ex
911 2229 1048 2290 Harrisii
1082 2230 1262 2291 hereditate
1296 2228 1358 2302 pub

146 2336 225 2395 iuris
249 2349 350 2408 nuper
373 2333 480 2392 factus
502 2331 594 2401 (llus.
619 2331 697 2390 Brit.
723 2334 834 2400 cxxvr)
865 2333 952 2391 recte
975 2332 1073 2392 habet
1096 2331 1187 2391 οἴσετε
1211 2325 1273 2411 ἄρν’
1300 2331 1330 2388 Γ
1352 2335 1358 2390 1

145 2436 215 2496 sine
240 2428 280 2510 d',
311 2435 344 2494 et
375 2434 399 2490 Β
431 2435 494 2492 213
526 2449 652 2491 οσσεπεα
682 2433 702 2492 i.
728 2448 755 2493 e.
784 2427 816 2503 ὃς
840 2431 920 2505 ἕπεο,
943 2434 997 2494 ubi
1023 2434 1118 2507 vulgo
1142 2434 1192 2494 edi
1218 2432 1303 2494 solet
1326 2429 1358 2503 ἄς

144 2533 230 2607 lasau
258 2536 291 2594 et
314 2534 397 2606 quod
417 2534 520 2594 multo
544 2535 677 2594 maioris
700 2537 750 2594 est
774 2536 943 2610 momenti,
972 2536 1005 2594 in
1029 2536 1084 2596 illo
1108 2536 1188 2596 libro
1211 2535 1277 2608 (qui
1304 2536 1358 2594 tan

144 2653 246 2709 neque
269 2636 410 2710 optimae
434 2637 529 2696 notae
552 2637 730 2709 estusque
753 2637 953 2696 venerandae
978 2637 1163 2706 vetustatis)
1189 2637 1299 2696 11316
1324 2650 1358 2695 er

143 2737 384 2814 τηνδελιξομενος
415 2737 445 2807 (i.
471 2752 498 2797 e.
530 2734 584 2813 τὴν
617 2733 648 2796 δὲ
679 2734 857 2814 ἑλιξάμενος)
888 2753 944 2811 pro
978 2738 1118 2813 vulgata,
1154 2753 1237 2810 quae
1265 2737 1357 2798 omni

145 2854 303 2900 consensu
339 2839 457 2898 vitiosa
490 2841 550 2914 est,
586 2836 640 2914 τὴν
674 2833 702 2896 δ’
737 2836 934 2915 ἐλελιξάμενος
974 2841 1048 2910 (vid.
1085 2840 1221 2912 Kenyon
1258 2838 1358 2898 Classi

144 2941 233 3001 texts
264 2940 347 2999 from
378 2940 490 3013 papyri
522 2940 553 2998 in
585 2940 640 2999 the
663 2939 784 2999 British
808 2955 970 3017 museum,
998 2941 1103 3010 1891).
1127 2941 1175 3001 De
1197 2951 1236 3023 τῷ
1259 2963 1312 3018 μιν
1336 2938 1358 2999 εἰ

144 3039 217 3119 μέση
238 3043 262 3099 Β
285 3041 347 3100 795
367 3041 430 3100 vid.
451 3056 480 3114 p.
509 3040 614 3115 1583.
642 3043 670 3099 Φ
690 3042 753 3100 399
776 3057 888 3102 veram
912 3042 1083 3102 lectionem
1108 3040 1181 3100 ἄσσα
1201 3040 1308 3121 ἔοργας
1327 3057 1358 3116 pr

144 3143 198 3202 bet
228 3142 324 3202 testis
355 3142 613 3218 antiquissimus,
645 3142 880 3203 Ambrosianus
903 3144 1026 3218 pietus:
1051 3144 1084 3202 in
1109 3144 1308 3204 recentiores
1331 3158 1358 3203 α

144 3260 198 3305 ces
228 3245 357 3318 irrepsit
386 3258 572 3319 pronomen,
605 3241 678 3301 ἄσσα
709 3238 735 3320 μ’
761 3243 873 3324 ἔοργας.
906 3246 954 3304 lla
983 3245 1115 3306 Hesiodi
1143 3245 1307 3306 codicibus
1328 3244 1358 3304 id

144 3345 251 3405 docuit
285 3345 381 3404 Flach
420 3345 559 3404 iiltesten
602 3344 983 3407 Hesiod-Handschriften
1019 3363 1048 3422 p.
1088 3348 1138 3423 17,
1166 3349 1201 3407 1;
1237 3346 1271 3405 in
1307 3346 1358 3407 cor‘

145 3619 275 3652 censorem
294 3605 347 3661 egit
364 3604 453 3659 Cauer,
472 3604 516 3662 qui
533 3603 559 3650 in
577 3605 725 3651 recensione
742 3604 831 3650 Iliadis
848 3607 949 3651 nostrae
965 3604 990 3651 in
1006 3606 1073 3653 Berl.
1088 3606 1294 3653 Wochenschrilt
1309 3606 1358 3654 sol

146 3686 209 3730 1889
237 3685 263 3729 et
287 3683 313 3728 in
339 3682 428 3729 Iliadis
454 3695 515 3729 suae
542 3685 701 3742 praelatione
728 3686 791 3731 1890
815 3698 839 3743 p.
858 3697 895 3730 vrr
919 3698 957 3743 sq.
976 3699 1007 3731 ex
1027 3685 1174 3733 huiusmodi
1192 3686 1257 3733 loeis
1275 3686 1358 3733 conell

147 3764 255 3818 „iustam
274 3776 330 3808 esse
350 3776 398 3807 uon
416 3775 492 3821 posse
510 3776 566 3808 eam
585 3763 718 3819 rationem,
741 3777 817 3822 quam
841 3765 884 3821 qui
903 3767 1007 3811 strenue
1034 3769 1157 3824 sequatur
1174 3778 1225 3812 non
1243 3766 1358 3826 paucisl

148 3843 211 3898 ,sibi
229 3842 284 3901 ipse
302 3841 405 3887 officere
423 3842 554 3899 cogatur.''

180 3917 198 3983 ¹)
215 3922 253 3966 De
279 3920 413 3966 versiculis
438 3920 512 3983 δάκρυ
533 3920 613 3979 χέουσ’
639 3923 666 3966 et
683 3921 801 3980 ‹porricerc'
821 3922 877 3966 ἔπεα
900 3925 1025 3986 πτερόεντα
1042 3924 1163 3988 προσηύδα
1182 3924 1292 3971 semesa
1310 3937 1358 3971 con

144 4001 211 4046 derit
229 4000 365 4058 quispiam,
383 3999 512 4057 digamma
530 4013 579 4044 non
598 3999 656 4046 ideo
674 4013 731 4046 esse
749 4000 880 4056 violatum,
899 4001 968 4060 qnod
985 4005 1075 4060 postes
1088 4002 1180 4049 mutati
1195 4005 1240 4048 ant
1255 4003 1347 4050 inserti

144 4080 170 4125 hi
196 4079 346 4133 hexametri,
369 4078 414 4125 sed
438 4078 506 4136 qnod
530 4092 562 4124 ex
579 4079 651 4137 poesi
668 4080 854 4139 antiquissima,
874 4092 939 4138 qnae
958 4080 1015 4127 aliis
1033 4081 1135 4140 legibus
1152 4082 1267 4129 metricis
1284 4083 1358 4130 ntebr

144 4160 286 4217 supersint,
304 4159 383 4204 fuisse
401 4157 467 4203 eninr
486 4158 628 4216 antiquitus

344 4242 383 4284 καί
399 4255 439 4295 μιν
456 4237 529 4299 δάκρυ
546 4237 634 4296 χέουσα
656 4235 666 4300 ΙΙ
687 4232 766 4284 ,Ηπεα
784 4241 909 4301 πτερόεντα
927 4240 1048 4303 προσηύδα
1066 4235 1200 4304 (παιηύδα).

344 4322 383 4364 nal
400 4335 440 4373 μιν
456 4320 583 4378 φωνήσασα
657 4314 667 4379 ΙΙ
688 4308 768 4364 ,δέπαι
785 4322 910 4383 πτερόεντα
927 4315 1072 4384 προσηύδα(
1117 4356 1128 4376 ,,
1183 4317 1199 4383 ).

144 4397 198 4443 Nisi
217 4396 337 4455 fallimur,
354 4396 418 4442 haee
436 4400 475 4441 est
492 4398 579 4454 opinio
597 4397 717 4452 Useneri;
736 4398 786 4444 vid.
806 4411 884 4458 supra
901 4412 925 4457 p.
946 4401 985 4446 11.

176 4473 198 4538 ²)
215 4476 358 4522 Prudenter
384 4476 518 4521 observata
541 4476 590 4522 hae
616 4477 648 4523 de
675 4491 702 4523 re
729 4477 855 4536 quaedam
879 4478 960 4525 habas
983 4480 1051 4537 apud
1074 4480 1162 4525 Monro
1183 4480 1259 4527 Hom.
1278 4481 1358 4529 Grani

143 4554 233 4612 §aaa
