3120 5124
1282 386 1312 458 ·[§
1332 386 1375 446 130

142 576 180 636 ad
216 580 428 651 augmentum
463 578 656 653 syllabicum
688 592 832 651 quaeque
863 577 904 637 ad
931 577 1109 649 temporale
1132 576 1304 650 pertinent;
1322 584 1384 634 nam
1428 572 1431 591 ¹

142 679 203 738 etsi
237 679 314 740 iilud
349 681 513 754 antiquius
544 681 604 740 hoc
634 680 797 740 recentius
828 681 888 754 est,
919 680 1095 751 utrumque
1125 679 1237 739 tamen
1258 677 1308 738 diu
1326 673 1390 736 mu

141 796 259 840 aevum
291 783 416 857 epicum
447 784 481 843 et
510 784 586 843 ante
616 783 722 857 ipsam
746 782 825 843 adeo
848 782 992 854 linguam
1021 779 1179 840 Graecam
1201 780 1310 839 natum
1329 783 1397 839 esst

141 880 291 944 vidimus

185 983 385 1057 Rogantibus
418 985 516 1057 igitur
549 985 625 1058 quid
661 985 800 1045 moverit
832 987 959 1044 veteres
994 983 1143 1044 cantores
1172 982 1210 1042 ut
1241 980 1411 1042 verborum

140 1086 266 1158 partem
296 1087 432 1146 minime
456 1102 731 1161 supervacaneam
755 1086 879 1160 passim
906 1084 1116 1160 negligerent,
1141 1083 1230 1144 viam
1252 1082 1338 1143 nobis
1356 1081 1418 1140 in·

142 1185 228 1245 dicat
250 1201 304 1246 ars
327 1188 507 1264 stetistica;
533 1190 613 1250 haec
636 1189 724 1249 enim
749 1187 841 1248 docet
860 1187 1074 1260 augmentum
1093 1184 1294 1258 frequentius
1317 1184 1360 1254 (32
1381 1174 1426 1240 2l

141 1289 332 1361 usurpatum
371 1290 411 1350 ab
447 1290 487 1350 lis
519 1304 593 1350 esse
623 1303 722 1363 quam
754 1288 956 1363 neglectum;
988 1302 1006 1347 e
1037 1286 1152 1347 formis
1183 1288 1304 1363 autem,
1325 1289 1431 1359 quat

141 1389 315 1460 augmento
338 1391 492 1464 syllabico
514 1391 689 1452 destitutae
713 1392 799 1466 sunt,
823 1390 973 1463 quartam
997 1402 1160 1462 quamque
1184 1389 1431 1449 intueremur

141 1489 282 1563 reperiri.
315 1490 385 1552 Hae
416 1493 514 1567 igitur
545 1493 720 1553 collocatae
744 1494 822 1552 sunt
844 1491 902 1552 illa
924 1490 999 1552 sede
1022 1489 1217 1565 hexametri,
1240 1489 1295 1550 ubi
1316 1478 1431 1563 peril

141 1591 266 1665 syllaba
299 1607 397 1666 quam
432 1595 569 1655 habebat
604 1596 747 1655 metrum
778 1593 1063 1667 antiquissimum
1094 1606 1173 1653 nam
1197 1606 1215 1652 e
1238 1580 1431 1665 duplicat-:i

143 1693 322 1769 versiculis,
346 1710 484 1768 quorum
507 1695 641 1755 schema
664 1697 715 1756 est
799 1682 802 1688 ’

639 1814 881 1859 ῦ-υυ-ΧΛΙ-ΚΙ

141 1886 297 1960 prodiisse
321 1904 453 1948 versum
476 1889 642 1950 heroicum
666 1903 764 1963 supra
786 1903 857 1962 pag.
887 1888 906 1947 9
932 1888 1083 1948 vidimus.

186 1987 369 2064 aphaeresis
391 1991 499 2067 igitur,
522 2007 621 2064 quam
645 1991 750 2051 dicere
775 1989 1015 2065 consuevimus,
1039 1989 1182 2050 cernitur
1202 1987 1283 2049 locis
1306 1982 1431 2060 qua}

143 2092 194 2151 est
220 2094 249 2149 A
273 2093 332 2152 34:
463 2096 466 2102 ’
757 2081 759 2091 '

275 2190 350 2271 (ἕ)βῆ
374 2187 403 2252 δ’
431 2190 527 2253 ἀκέων
551 2191 632 2271 παρὰ
655 2199 729 2253 θῖνα
751 2192 985 2271 πολυφλοίσβοιο
1008 2191 1174 2269 θαλάσσης,

143 2308 247 2366 neque
282 2296 334 2354 est
367 2312 425 2356 cur
459 2296 628 2357 credamus
659 2298 808 2358 vetustos
838 2299 986 2357 cantores
1013 2295 1173 2356 initialem
1205 2294 1296 2354 illam
1318 2288 1431 2367 syl-

143 2395 229 2470 bam,
264 2409 346 2468 quae
382 2400 474 2458 extra
510 2398 692 2459 hexametri
723 2414 876 2459 numeros
907 2400 995 2459 esset
1028 2398 1143 2473 posita,
1177 2396 1309 2458 omnino
1341 2409 1400 2455 ren
1416 2403 1431 2415 “

145 2497 261 2557 coisse.
287 2497 393 2559 Immo
416 2500 530 2560 eadem
549 2501 674 2560 ratione
694 2515 767 2560 eam
787 2500 977 2576 habuerunt,
998 2500 1061 2559 nisi
1079 2499 1190 2558 omnia
1209 2512 1270 2558 nos
1288 2497 1431 2558 tallut

145 2613 209 2671 qua
243 2599 417 2659 utebantur
451 2602 483 2660 in
519 2601 653 2675 syllabis
688 2603 821 2662 elisione
856 2600 1040 2675 offuscatis;
1073 2600 1135 2661 hae
1167 2615 1295 2673 quoqne
1317 2612 1431 2672 qun-

144 2700 336 2761 brevissime
372 2702 626 2763 enuntiabantnr
656 2705 689 2763 et
719 2702 820 2762 veluti
850 2702 1002 2763 absentes
1031 2701 1176 2777 aderant,
1209 2700 1261 2761 vel
1292 2700 1321 2760 si
1342 2705 1431 2773 qr.)

145 2802 282 2878 mavult,
313 2803 447 2863 aberant
469 2807 674 2879 praesentes;
699 2804 893 2879 percipiebat
916 2819 972 2864 eas
996 2802 1093 2878 auris,
1119 2817 1183 2862 non
1206 2800 1431 2862 numerata

145 2905 343 2964 sententiam
366 2904 549 2982 explebant,
574 2922 637 2966 non
662 2907 838 2967 onerabant
861 2906 1021 2980 metrum;
1046 2904 1145 2965 utiles
1165 2904 1303 2977 denique
1325 2907 1431 2963 erni

145 3005 349 3065 audientibus
367 3021 470 3079 neque
482 3008 610 3067 canenti
626 3008 784 3068 molestae
798 2999 834 3089 ¹).
860 3008 977 3067 Nostro
997 3007 1096 3080 igitur
1115 3005 1186 3066 iure
1205 3005 1327 3066 talibus
1337 3004 1431 3066 loc

146 3107 358 3180 aphaereseos
381 3106 509 3180 signum
534 3108 753 3184 praefigimus
778 3124 840 3182 quo
864 3109 1046 3170 indicemus
1069 3107 1261 3184 Homerum,
1283 3109 1321 3168 ut
1345 3116 1431 3167 τε

147 3222 227 3280 quos
261 3207 409 3282 Graecae,
437 3205 491 3286 ἔβη
514 3209 646 3287 dixisse,
664 3208 833 3293 ιπροβατίου
860 3243 899 3253 -
924 3212 960 3269 ut
985 3225 1059 3269 cum
1087 3207 1217 3269 Cratino
1239 3208 1352 3282 loquar
1395 3228 1431 3243 ⁴

146 3307 179 3367 τὸ
213 3309 253 3386 βῆ
287 3309 327 3386 βῆ
361 3306 455 3388 λέγειν
489 3325 562 3371 esse
595 3313 668 3371 rati.
707 3311 872 3371 Eiusmodi
908 3313 1020 3370 autem
1054 3325 1171 3370 versus
1211 3306 1431 3388 προκεφάλσ

147 3425 262 3471 vocare
285 3410 394 3471 licebit
416 3411 545 3472 nomine
570 3428 587 3472 e
612 3413 759 3473 veterum
783 3413 1072 3485 grammaticorum
1095 3413 1165 3471 arte
1189 3410 1340 3471 desumto
1360 3401 1431 3474 ²)

191 3512 310 3573 lladem
342 3514 621 3586 argumentatione
653 3515 821 3590 evincitur,
855 3514 1022 3588 augmenti
1046 3512 1235 3587 temporalis
1259 3513 1431 3573 iactura-1

147 3616 221 3689 post
244 3629 413 3675 caesuram
437 3615 627 3675 femininam
653 3616 732 3676 nihil
755 3617 873 3677 habere
897 3616 980 3689 quod
1005 3616 1171 3690 miremur,
1203 3615 1355 3687 quonlam
1429 3614 1431 3654 3

148 3716 254 3790 prisca
276 3718 346 3775 arte
369 3731 487 3790 anceps
510 3716 572 3776 tuit
594 3718 674 3778 haec
698 3717 840 3794 syllaba;
866 3718 1035 3778 videantur
1058 3731 1142 3791 quae
1161 3729 1233 3790 pag.
1258 3717 1295 3774 11
1317 3713 1431 3775 obse

149 3818 311 3877 ravimus
347 3817 486 3877 Omnino
517 3819 628 3878 autem
659 3820 732 3893 post
762 3833 942 3896 caesuram,
975 3819 1075 3879 etiam
1106 3821 1181 3893 post
1204 3815 1431 3879 masculina*l

149 3919 238 3979 tertii
269 3919 438 3992 quartique
469 3920 587 3993 pedum
624 3935 802 3996 caesuram,
834 3920 927 3981 facile
956 3922 1130 3981 excusatur
1160 3921 1329 3994 augmenti
1350 3922 1431 3980 su

150 4020 283 4096 pressio,
318 4035 376 4081 nec
410 4036 472 4081 non
508 4022 582 4095 post
618 4020 776 4081 diaeresin
812 4020 1006 4095 bucolioam;
1032 4020 1160 4093 quibus
1193 4021 1274 4083 locis
1300 4016 1431 4082 nortl¹

184 4309 203 4376 ¹)
222 4314 411 4361 Pronunciaudi
428 4313 496 4360 hunc
514 4327 622 4375 morem,
645 4328 720 4373 quem
740 4316 809 4375 apud
827 4317 955 4363 Βοωοοοο
969 4328 1071 4375 quoqne
1085 4317 1224 4366 invaluisse
1242 4331 1319 4366 nemo
1334 4300 1431 4386 neffl]

149 4394 246 4453 optime
267 4393 381 4440 illustrat
398 4393 475 4440 Gellii
492 4393 632 4454 disputatio
655 4395 717 4440 Xlll
740 4397 779 4456 21,
802 4408 853 4454 quo
872 4396 928 4441 loco
950 4396 1127 4454 Vergilianum
1146 4397 1232 4445 turrim
1251 4399 1278 4446 in
1291 4395 1431 4462 Μοῖρ’

148 4475 251 4518 stantem
269 4472 426 4519 iucundioris
443 4474 595 4532 gracilitatis
612 4488 669 4521 esse
687 4475 819 4521 contendit
836 4488 912 4533 qnam
931 4476 953 4522 ei
971 4490 1018 4535 per
1034 4491 1048 4523 e
1064 4477 1178 4524 litteram
1201 4477 1274 4525 dicas
1293 4480 1401 4525 turren-

183 4546 204 4612 ²)
222 4551 276 4597 vid.
294 4552 373 4598 schol.
391 4551 574 4611 Hephaestion.
592 4568 617 4614 p.
637 4555 684 4599 149
702 4557 728 4599 et
746 4555 792 4600 181
812 4554 941 4612 Gaistord,
959 4555 1045 4603 (lhrist
1064 4555 1169 4603 Metrilr¹
1187 4570 1212 4618 p.
1232 4557 1289 4605 195.
