3120 5124
98 450 101 519 Ξ
165 407 230 480 3401

98 578 101 669 ἶ
198 618 214 657 τ
231 600 280 659 375
302 591 343 673 ἐφ’
354 592 427 676 ἡμῖν
438 588 497 678 ἦρα
509 593 634 677 φέρουσι
644 597 706 672 leg.
720 590 764 672 ἐφ’
778 586 849 674 ἧμιν
860 596 950 674 όῆρα.
963 598 1048 656 Item
1061 586 1133 673 ἧμιν
1145 590 1263 657 όοίκαό
1279 618 1294 657 ο
1313 599 1387 659 431.

197 700 280 760 τ385
301 693 345 776 ἔφ’
368 694 462 778 ἡμέας
484 699 564 760 οἰκία
588 693 616 758 δ’
643 689 713 759 αὖτε
735 698 797 773 leg.
822 692 865 774 ἐφ’
892 689 970 775 ἧμας
992 697 1103 758 foculo.

163 799 204 858 ilie
227 801 309 875 igitur
337 801 418 863 locis
447 801 612 876 digamma
640 801 812 862 rest'tuere
844 815 948 873 neque
983 800 1165 875 imperitiae
1197 803 1248 862 est
1280 817 1384 875 neque

162 902 272 962 audaciae
292 904 376 963 iusto
400 903 533 964 maioris
558 900 589 980 ¹),
620 918 698 963 nam
725 902 856 975 etquid
880 902 1005 962 dederit
1027 903 1123 975 poeta
1144 904 1330 976 agnoscitur
1352 906 1385 964 et

162 1016 201 1061 cur
220 1020 269 1065 mn
295 1006 418 1066 intacta
446 1006 487 1066 ad
517 1020 577 1065 nos
607 1005 812 1079 pervenerint
842 1005 913 1064 eius
944 1006 1042 1065 verba
1073 1004 1278 1078 intellegitur.
1314 1005 1384 1066 Non

162 1105 236 1178 nugis
253 1107 417 1169 obscurum
440 1109 490 1168 est
513 1108 589 1181 quid
612 1107 690 1168 olim
713 1107 811 1168 fuerit
834 1106 914 1168 locis
937 1107 1166 1179 sequentibus:

192 1207 279 1268 2474
299 1206 393 1290 αὐτὰρ
417 1207 434 1270 d
455 1203 478 1289 γ’
504 1203 540 1268 όν
564 1208 653 1285 φίλον
675 1207 744 1269 υἱὸν
772 1210 833 1282 leg.
858 1202 874 1266 ὃ
897 1206 965 1267 fic.

191 1308 221 1365 Μ
231 1311 281 1370 389
303 1304 322 1394 ᾖ
345 1305 373 1392 ῤ’
399 1311 445 1372 ἴδε
466 1307 663 1391 γυμνωθέντα
795 1357 808 1387 ,,
857 1303 986 1393 ᾖἯδε.

98 1408 101 1499 ζ
191 1410 278 1473 laud
300 1412 372 1485 Διὸς
395 1413 458 1474 υἱεῖ
476 1410 608 1498 ἑκηβόλῳ
792 1459 806 1489 ,
854 1404 898 1472 υἷι
921 1410 1086 1495 όεκηβόλῳ.

98 1566 101 1595 ,
190 1513 278 1574 aaut
299 1510 395 1595 τόνγ’
423 1512 537 1576 ἐπέεσσι
792 1561 806 1591 ,
855 1512 907 1574 τόν
930 1535 962 1594 γε
984 1510 1114 1573 λε’ττεσσι.

191 1615 277 1678 [1223
300 1612 485 1698 ἀταρτήροισ’
512 1613 625 1677 ἕτιέεσσι
793 1664 806 1692 ,,
856 1632 947 1695 -ροισι
970 1612 1101 1676 tineam.

196 1715 279 1779 Ρ260
299 1714 436 1797 οὐνόματ’
464 1718 541 1779 εἴιιοι
790 1765 804 1795 ,,
854 1715 970 1796 οὔνομα
992 1718 1093 1778 λείποι
1118 1717 1199 1788 (coll.
1225 1720 1254 1775 Γ
1280 1720 1364 1788 235).

192 1817 275 1881 dade
297 1819 364 1902 περὶ
385 1815 503 1902 τέρμαθ’
531 1817 678 1898 ἑλισσέμεν
790 1867 804 1896 ‚,
853 1817 920 1899 περὶ
943 1816 1032 1898 τέρμα
1055 1817 1234 1897 όελισσὲμεν.

196 1922 258 1994 740
297 1920 329 1982 ἐν
353 1916 382 1982 δ’
408 1914 492 1982 οἶνον
515 1920 594 2000 ἔχευε
791 1969 805 1999 ,,
854 1918 967 2001 ἐνέχευε
990 1917 1023 1980 δὲ
1045 1922 1161 1980 όοῖνον.

193 2021 278 2084 diua
300 2017 468 2104 ἀσααίρονί
503 2020 643 2084 ἐσιδοῦσα
666 2023 698 2095 (l.
719 2039 748 2084 a.

342 2148 430 2186 -ουτα
449 2124 566 2196 ἰδοῦσα)
794 2173 807 2201 ,,
857 2121 1040 2203 ἀσπαίροντα
1063 2125 1201 2186 federico.

158 2218 200 2281 Sed
215 2225 293 2299 plura
314 2229 501 2289 huiusmodi
524 2221 691 2290 cumulare
714 2228 793 2287 nihil
813 2227 946 2287 adtinet.
972 2227 1078 2287 Minus
1099 2231 1205 2288 certae
1226 2230 1303 2289 sunt
1323 2245 1387 2289 cor·

155 2325 282 2405 rectiones,
303 2330 420 2403 quibus
439 2330 581 2404 genitivo
600 2329 634 2389 in
652 2349 712 2388 -οιο
733 2329 892 2389 desinenti
909 2329 1118 2388 substituitur
1137 2328 1241 2389 forma
1261 2330 1388 2390 brevior

153 2424 236 2508 in-cc,
252 2434 285 2493 ut
304 2433 470 2505 sequentis
493 2431 641 2493 vocabuli
663 2431 828 2504 digamma
851 2431 955 2505 possit
974 2431 1132 2491 revocari:
1159 2431 1260 2489 2134
1280 2427 1388 2508 ἀνδρα-

152 2525 230 2602 φόνοιο
249 2532 437 2614 Λυκοόργου,
466 2537 497 2591 A
520 2534 562 2593 25
585 2536 704 2611 χρυσοῖο
728 2516 781 2591 καῖ
801 2531 902 2609 εἴκοσι,
925 2536 956 2590 A
980 2533 1041 2593 261
1067 2535 1128 2590 τοῖο
1153 2526 1180 2590 δ’
1208 2526 1249 2591 ἐπ’
1273 2525 1386 2608 Ἰφιδά-

150 2651 221 2708 μαντι,
247 2637 268 2693 Β
290 2637 354 2697 672
379 2633 533 2713 Χαρόποιο
557 2629 576 2693 τ’
604 2631 740 2710 όνακτος,
772 2635 883 2695 6686
916 2636 949 2691 H
971 2636 1046 2709 376,
1071 2634 1134 2692 395
1168 2637 1198 2690 A
1223 2634 1297 2709 524,
1323 2635 1387 2694 590

148 2733 175 2788 Ν
189 2736 240 2796 535
268 2739 301 2795 Π
321 2738 385 2798 442
417 2739 447 2795 Σ
470 2738 544 2812 307,
567 2738 632 2797 464
663 2739 695 2795 X
718 2736 781 2796 130
812 2731 951 2812 πολέμοιο
984 2736 1035 2795 vel
1066 2733 1212 2794 θανάτοιο
1238 2733 1390 2813 δυσηχέος,

147 2834 169 2890 Γ
185 2837 234 2897 140
254 2835 405 2919 προτέροιο
429 2834 479 2897 καὶ
502 2835 603 2909 όστεος
628 2839 657 2908 (I
679 2838 743 2896 224
768 2831 794 2896 δ’
822 2835 917 2896 οἴνοιο
941 2832 1053 2912 δέπας),
1083 2838 1113 2894 Σ
1138 2838 1179 2897 93
1205 2836 1387 2917 Πατρόκλοιο

146 2929 167 2992 δ’
192 2935 280 3018 ἕλωρα.
310 2941 466 3000 Attamen
497 2955 537 2999 ne
570 2940 629 2999 has
660 2939 790 3012 quidem
822 2939 953 3012 spernet
983 2938 1038 3011 qui
1069 2940 1267 3012 reputaverit
1291 2941 1386 3012 probe

145 3035 305 3102 Homericos
335 3043 447 3102 tamen
478 3056 550 3101 esse
582 3040 743 3114 genitivos
774 3039 808 3098 in
838 3059 889 3098 -ου
921 3041 1088 3114 exeuntes,
1118 3040 1252 3112 genitivi
1277 3043 1387 3101 autem

144 3139 292 3203 terminum
323 3143 499 3217 pleniorem
530 3164 590 3202 -oco
623 3143 702 3203 adeo
732 3141 902 3214 vulgatum
927 3156 999 3200 esse
1023 3141 1056 3200 in
1080 3141 1169 3214 epica
1192 3143 1282 3216 poesi
1305 3140 1326 3211 ²)
1353 3145 1390 3202 ut

143 3240 206 3301 nulli
233 3260 294 3305 non
327 3244 439 3306 lectori
471 3246 532 3306 hoc
556 3245 736 3305 remedium
771 3244 803 3303 in
839 3246 984 3302 mentem
1021 3243 1130 3303 venire
1166 3243 1311 3303 debuerit
1348 3244 1387 3304 ad

143 3346 319 3407 resarcienda
349 3361 431 3419 quae
458 3346 649 3407 videbantur
671 3345 768 3405 metri
794 3345 990 3405 detrimenta
1012 3348 1051 3414 (τε
1075 3340 1211 3418 ἄνακτος,
1235 3341 1390 3422 δυσηχέος,

142 3441 184 3500 καλ
199 3443 299 3523 όστεος,
330 3443 363 3506 δὲ
392 3444 486 3526 ἕλωρα
517 3451 599 3518 etc).
628 3447 735 3507 Etiam
760 3439 874 3528 dotupc'
902 3443 1035 3516 εἰπόντος
1059 3448 1084 3502 Ζ
1109 3446 1182 3520 281,
1207 3440 1288 3522 ἴδωμ’
1318 3440 1385 3504 ὅτιν’

142 3541 197 3624 ἔργα
222 3552 250 3608 Χ
270 3552 344 3626 450,
376 3543 464 3627 ἤλυθ’
490 3548 545 3625 ἰωή
570 3551 598 3606 Κ
625 3550 697 3623 139,
729 3544 847 3625 ἤλυθον
871 3545 990 3628 εἰκοστῷ
1015 3566 1036 3604 τι
1061 3547 1123 3606 206
1148 3568 1162 3602 τ
1187 3547 1250 3605 484
1276 3569 1299 3622 φ
1324 3548 1387 3606 208

142 3667 160 3703 ν
179 3650 231 3711 322
260 3653 329 3713 sine
359 3652 545 3712 temeritate
577 3650 698 3711 mutari
729 3664 824 3724 posse
856 3649 1006 3708 videntur
1038 3648 1069 3706 in
1103 3644 1191 3730 ἐθέλῃ
1223 3647 1390 3724 feraciores,

141 3745 202 3809 tito
221 3751 282 3812 τίνα
305 3749 409 3833 stopo,
431 3742 505 3830 ἦλθε
527 3751 617 3828 fuori,
640 3742 737 3829 ἦλθον
761 3747 918 3830 ἔόεικοστῷ
942 3744 974 3818 ³).
1008 3749 1068 3809 Sed
1094 3750 1260 3823 prudentis
1284 3750 1387 3811 critici

143 3910 338 3927 ᾕ-

169 4016 184 4075 ¹)
196 4023 285 4072 uadem
303 4029 342 4073 eet
360 4025 451 4073 caneri
469 4025 596 4072 sententia
613 4025 640 4070 in
659 4022 755 4084 proleg.
774 4021 864 4081 Odyaa.
882 4035 907 4081 p.
925 4032 953 4067 rx
971 4035 1008 4080 aq.

166 4098 223 4158 ’lln
246 4105 375 4152 codicibus
400 4106 504 4152 minime
530 4105 581 4150 rari
603 4106 664 4150 sunt
685 4103 743 4162 loci,
762 4102 807 4148 nbi
826 4102 901 4161 culpa
918 4101 1080 4148 librariorum
1101 4119 1147 4147 -occ
1165 4099 1261 4158 legitur
1278 4114 1324 4159 pro
1342 4119 1388 4153 ου,

141 4180 224 4228 emmau
236 4196 353 4231 ramnum
367 4185 467 4231 numeri
484 4183 622 4230 excludant
638 4181 791 4240 disyllabam
808 4181 874 4226 hane
891 4180 997 4238 genitivi
1016 4180 1229 4227 terminationem.
1239 4179 1295 4225 vid.
1310 4180 1387 4226 etiam

143 4260 219 4308 0214.

167 4334 289 4400 'iolcum
314 4345 436 4392 correctio
462 4343 651 4404 quammaxime
677 4341 825 4388 defenditur
851 4353 927 4387 versu
956 4352 976 4397 ψ
1000 4340 1146 4386 102=170
1170 4340 1235 4384 ἔλθοι
1259 4332 1388 4399 ἐόεικαστῷ

139 4409 196 4467 find
209 4426 229 4475 i:
244 4425 343 4486 κατρίδα
359 4433 434 4483 γαῖαν.
446 4425 561 4480 Quatnor
575 4422 732 4481 syllabarum
748 4421 796 4466 hoc
812 4420 941 4466 numerale
958 4422 997 4465 est
1015 4421 1092 4465 etiam
1110 4420 1133 4464 Ω
1150 4420 1196 4465 765
1214 4425 1230 4480 fl
1244 4419 1291 4465 175
1310 4421 1322 4471 ζ
1341 4418 1387 4464 170
1455 4462 1460 4472 ,

139 4499 212 4558 paui
232 4516 246 4547 τ
268 4503 323 4559 222,
347 4504 424 4551 trium
448 4504 550 4550 nonnisi
573 4504 600 4548 in
622 4503 670 4548 hac
695 4500 824 4547 locutione
849 4502 875 4544 et
892 4519 902 4544 ι
921 4500 952 4545 24
977 4499 1047 4558 ἤματί
1063 4499 1082 4556 γ’
1103 4493 1154 4561 (vel
1172 4498 1203 4554 κ’)
1221 4500 1323 4560 εἰκοστῷ,
1342 4498 1387 4543 ubi

139 4579 229 4626 omuino
245 4579 350 4628 delenda
366 4585 406 4630 eet
421 4583 520 4644 vocula,
538 4580 702 4629 scribendum
720 4581 807 4626 autern
823 4578 924 4624 videtur
940 4578 1004 4637 ἤματ’
1023 4567 1158 4640 theudoro.
1172 4577 1253 4624 Nimis
1269 4591 1387 4624 severum
